2492 4392
737 371 1256 417 Arneusae-csr,
1282 372 1412 426 ιιι,
1439 372 1578 416 1111.
1750 391 1763 402 -
1984 361 2115 420 ⁴113

185 506 480 568 industria
505 505 744 564 factum
775 517 885 574 est,
913 517 980 563 ut
1003 503 1216 563 eodem
1248 504 1455 563 nuntio
1482 502 1759 564 Saufeius
1784 503 1957 565 fieret
1988 527 2113 566 cer·

173 603 305 671 -tior,
341 623 412 662 se
447 601 902 681 patrimonium
945 600 1206 658 amisisse
1243 612 1307 658 et
1342 619 1746 678 recuperasse.
1827 601 1999 660 Idem
2038 603 2111 662 L.

175 696 220 756 J
221 698 416 756 ulium
453 696 770 766 Calidum,
798 716 978 774 quem
1008 709 1142 775 post
1174 695 1443 754 Lucretii
1476 695 1812 774 Catullique
1853 711 2111 758 mortem

169 794 362 851 multo
425 791 954 871 elegantissimum
1007 800 1245 870 poetam
1300 802 1559 850 nostram
1616 792 1823 852 tulisse
1872 806 2109 852 aetatem

162 906 314 946 avere
339 887 574 946 videor
601 906 780 966 posse
807 886 1185 955 contendere,
1213 904 1415 963 neque
1440 885 1638 944 minus
1664 887 1859 946 virum
1884 888 2108 948 bonum

165 982 562 1061 optimisque
585 981 816 1040 artibus
835 981 1150 1052 eruditum,
1172 993 1311 1062 post
1329 980 1817 1060 proscriptionem
1838 984 2106 1062 equitum

161 1091 424 1156 pmpter
469 1097 732 1156 magnas
764 1077 896 1155 ejus
926 1077 1243 1136 Africanas
1277 1077 1683 1156 possessiones
1716 1077 1777 1135 in
1812 1081 2103 1159 proscrip-

163 1183 372 1231 torum
398 1192 742 1232 numerum
773 1192 810 1231 a
828 1171 1255 1243 P.Volumnio,
1280 1171 1563 1250 praefecto
1582 1171 1819 1232 fabrum
1840 1173 2103 1246 Antonii,

163 1267 508 1328 absentem
533 1269 808 1337 relatum,
831 1267 1152 1346 expedivit.
1233 1265 1421 1339 Quod
1442 1267 1504 1326 in
1528 1269 1807 1347 praesenti
1828 1282 2023 1329 utrum
2044 1271 2105 1331 ei

160 1363 572 1434 laboriosius,
617 1383 694 1421 an
748 1362 1064 1440 gloriosius
1108 1362 1308 1433 fuerit,
1356 1362 1597 1422 difficile
1644 1363 1756 1422 fuit
1791 1365 2097 1444 judicaret

165 1458 336 1534 quod
365 1458 444 1518 in
483 1477 694 1516 eorum
727 1457 1026 1536 periculis,
1060 1477 1180 1516 non
1212 1477 1385 1516 secus
1418 1458 1709 1529 absentes,
1739 1479 1917 1537 quam
1949 1483 2100 1541 prae·

163 1566 386 1614 sentes
419 1553 654 1614 amicos
679 1551 884 1612 Attico
913 1571 1046 1611 esse
1073 1571 1251 1624 curae,
1280 1554 1583 1631 cognitum
1610 1565 1719 1614 est.

248 1743 454 1806 XIII.
499 1745 722 1823 Neque
755 1764 904 1804 vero
943 1744 1138 1804 minus
1179 1745 1283 1804 ille
1322 1746 1415 1806 vir
1444 1747 1635 1808 bonus
1676 1748 2099 1825 paterfamilias

165 1840 428 1902 habitus
475 1853 586 1913 est,
621 1860 800 1919 quam
843 1840 1000 1900 civis.
1092 1839 1256 1900 Nam
1298 1863 1483 1921 quum
1530 1855 1690 1902 esset
1727 1842 2099 1920 pecuniosus,

167 1955 362 1998 nemo
407 1938 520 1996 illo
569 1936 764 1994 minus
805 1936 919 1996 fuit
965 1955 1160 2008 emax,
1201 1938 1397 1996 minus
1444 1936 1783 1996 aedificator.
1876 1935 2099 2014 Neque

173 2043 392 2094 tamen
427 2053 552 2092 non
584 2033 648 2090 in
681 2032 889 2111 primis
915 2033 1072 2092 bene
1103 2032 1405 2100 habitavit,
1433 2031 1826 2107 omnibusque
1860 2029 2099 2107 optimis

173 2130 372 2189 rebus
416 2148 564 2188 usus
609 2139 716 2186 est.
797 2127 956 2186 Nam
991 2128 1234 2186 domum
1268 2124 1477 2182 habuit
1509 2124 1571 2182 in
1612 2125 1763 2185 colle
1797 2123 2099 2195 Quirinali

177 2223 674 2304 Tamphilanam,
723 2223 797 2282 ab
847 2223 1141 2282 avunculo
1187 2217 1519 2279 hereditate
1564 2218 1867 2278 relictam:
1927 2220 2099 2298 cujus

181 2321 504 2380 amoenitas
539 2338 656 2377 non
687 2317 938 2378 aedificio
971 2317 1080 2377 sed
1113 2315 1261 2374 silva
1292 2315 1615 2374 constabat.
1696 2314 1905 2394 Ipsum
1938 2315 2096 2374 enim

177 2425 442 2484 tectum,
479 2413 800 2491 antiquitus
839 2413 1243 2483 constitutum,
1279 2412 1415 2491 plus
1460 2411 1615 2483 salis,
1650 2431 1828 2490 quam
1866 2425 2097 2472 sumtus

178 2509 488 2570 babebat:
542 2509 609 2567 in
641 2529 758 2587 quo
789 2508 937 2566 nihil
967 2507 1369 2577 commutavit,
1402 2506 1515 2566 nisi
1545 2506 1596 2566 si
1626 2507 1770 2585 quid
1803 2522 2096 2570 vetustate

183 2619 438 2665 coactus
463 2614 574 2663 est.
651 2604 816 2663 Usus
846 2615 938 2662 est
955 2602 1202 2673 familia,
1223 2602 1274 2661 si
1296 2601 1546 2660 utilitate
1562 2603 1957 2682 judicandum
1985 2617 2095 2675 est,

183 2701 456 2780 optima3
498 2699 553 2757 si
583 2698 792 2768 forma,
825 2698 928 2758 vix
967 2697 1275 2756 mediocri.
1376 2696 1653 2774 Namque
1697 2699 1761 2756 in
1806 2721 1881 2760 ea
1924 2712 2097 2760 erant

181 2795 364 2874 pueri
391 2794 827 2864 litteratissimi,
861 2805 1192 2874 anagnostae
1235 2791 1465 2872 optimi,
1494 2805 1555 2851 et
1585 2794 1824 2871 plurimi
1850 2795 2093 2867 librarii,

180 2903 252 2950 ut
279 2911 362 2949 ne
389 2889 756 2968 pedisequus
783 2889 1030 2967 quidem
1057 2888 1364 2967 quisquam
1393 2900 1569 2957 esset,
1600 2888 1701 2966 qui
1728 2907 1845 2947 non
1872 2902 2093 2948 utrum-

183 3005 306 3064 que
349 2987 566 3043 horum
614 2984 864 3064 pulchre
903 2984 1101 3044 facere
1146 2997 1381 3063 posset3
1433 2983 1563 3063 pari
1604 2981 1788 3042 modo
1834 2983 2093 3046 artifices

184 3080 397 3151 ceteri,
433 3099 584 3157 quos
633 3080 825 3137 cultus
868 3077 1226 3138 domesticus
1262 3078 1582 3148 desiderat,
1628 3077 1891 3156 apprime
1932 3079 2092 3138 boni.

183 3177 414 3254 Neque
446 3186 652 3233 tamen
684 3173 896 3233 horum
927 3193 1306 3252 quemquam,
1334 3173 1448 3232 nisi
1474 3172 1633 3232 domi
1664 3185 1872 3231 natum
1903 3173 2091 3231 domi-

183 3293 304 3351 que
340 3271 587 3340 factum,
615 3269 853 3329 habuit:
896 3270 1058 3347 quod
1087 3281 1182 3330 est
1225 3270 1465 3348 signum
1508 3290 1631 3329 non
1674 3270 1867 3328 solum
1910 3269 2092 3328 conti-

183 3367 426 3436 nentiae,
449 3364 562 3424 sed
583 3363 766 3422 etiam
787 3363 1128 3442 diligentiae.
1208 3366 1369 3424 Nam
1392 3377 1455 3424 et
1478 3384 1599 3424 non
1627 3364 2095 3442 intemperanter

187 3467 642 3546 concupiscere,
675 3463 834 3540 quod
875 3483 910 3521 a
931 3496 939 3504 ,
947 3463 1220 3543 plurimis
1260 3464 1481 3534 videas,
1516 3462 1871 3523 continentis
1913 3461 2095 3520 debet

189 3561 362 3622 duci:
399 3575 464 3620 et
492 3558 696 3639 potius
723 3556 1042 3636 diligentia,
1065 3577 1245 3634 quam
1271 3557 1481 3636 pretio,
1504 3577 1730 3635 parare,
1758 3576 1878 3616 non
1904 3557 2089 3615 medi-

189 3658 338 3717 ocris
362 3669 456 3717 est
475 3651 801 3714 industriae.
880 3650 1168 3730 Elegans,
1184 3670 1303 3708 non
1318 3651 1692 3728 magnificum
1728 3650 2089 3730 splendidus,

187 3773 300 3814 non
331 3763 723 3815 sumtuosus3
765 3744 924 3804 omni
951 3745 1259 3824 diligentia
1294 3743 1664 3815 munditiam,
1690 3766 1810 3806 non
1850 3743 2089 3808 affluen-
