2492 4392
759 156 786 181 f

497 326 646 367 snm
683 325 772 366 nn
809 320 1430 365 SENBOTUTBe--GAP-
1462 268 1645 375 ivn„
1666 319 1849 363 xvm.
2054 306 2139 365 23

227 468 548 517 ceterarum
567 476 804 527 rerum,
827 452 974 513 etin
991 452 1188 531 primis
1209 453 1335 531 agri
1354 452 1591 511 colendi
1614 451 1811 514 studia
1830 462 2139 513 teneamus
2221 451 2234 464 '

224 571 400 627 usque
419 552 496 609 ad
511 552 804 611 ultimum
826 564 1066 627 tempus
1085 550 1423 607 senectutis.
1481 550 1565 608 M.
1579 549 2141 625 quidemValerium

225 646 477 705 Corvum
501 648 862 725 accepimus
882 645 956 703 ad
976 644 1356 706 centesimum
1380 665 1597 704 annum
1616 645 1989 723 perduxisse,
2007 668 2141 707 cum
2233 658 2245 668 ‘

223 756 368 799 esset
400 756 536 801 acta
557 744 702 821 jam
735 754 916 801 aetate
943 740 1210 818 in‘agris‚
1237 759 1465 816 eosque
1492 742 1747 799 coleret:
1792 742 1961 819 cujus
1988 742 2143 803 inter

218 837 476 915 primum
517 852 586 897 et
629 849 880 897 sextum
919 837 1293 895 consulatum
1336 856 1445 895 sex
1476 848 1539 894 et
1571 836 1965 915 quadraginta
2004 838 2141 897 anni

219 932 638 993 interfuerunt.
722 933 1134 1010 Ita,quantum
1159 931 1421 1011 spatium
1448 932 1641 991 aetatis
1668 935 1927 1012 majores
1956 936 2139 993 nostri

220 1026 294 1085 ad
333 1030 674 1089 senectutis
719 1028 958 1090 initium
1003 1048 1140 1087 esse
1167 1030 1519 1097 ·voluerunt‚
1560 1041 1759 1087 tantus
1800 1029 1889 1087 illi
1932 1050 2139 1089 cursus

218 1124 512 1183 honorum
533 1126 695 1183 suite
733 1137 910 1201 atque
939 1124 1072 1202 ejus
1101 1137 1376 1183 extrema
1401 1138 1543 1185 aetas
1562 1125 1677 1183 hoc
1698 1125 1945 1195 beatior,
1964 1146 2141 1202 quam

218 1219 434 1290 media,
449 1222 624 1297 quod
645 1220 1006 1279 auctoritatis
1021 1220 1277 1280 habebat
1291 1220 1449 1299 plus,
1462 1219 1674 1279 laboris
1694 1220 1903 1279 miuus.
1957 1223 2140 1299 Apex

219 1328 304 1373 est
345 1329 558 1375 autem
605 1316 928 1398 senectutis
968 1312 1305 1379 auctoritas.
1402 1320 1497 1375 61.
1540 1315 1784 1387 Quanta
1814 1315 1929 1376 fuit
1966 1316 2031 1373 in
2066 1318 2139 1377 L.

220 1409 464 1470 Caecilio
487 1414 782 1471 Metello!
826 1411 1124 1489 quantain
1146 1410 1333 1469 Atilio
1355 1410 1663 1472 Calatino!
1706 1411 1767 1471 in
1790 1432 1967 1489 quem
1990 1412 2141 1471 illud

216 1506 486 1585 elogium
523 1508 808 1567 unicum:
853 1507 1142 1567 ‚Plurimae
1173 1508 1522 1567 cummium
1546 1517 1759 1583 gentes,
1777 1508 1987 1584 populi
2010 1510 2140 1584 pri·

215 1605 472 1661 marium
487 1604 694 1681 fuisse
721 1604 925 1661 virum.
1007 1602 1240 1662 Notum
1266 1614 1361 1661 est
1388 1615 1575 1661 totum
1605 1622 1861 1671 carmen,
1890 1603 2139 1662 incisum

215 1697 278 1755 iu
295 1701 606 1777 sepulcro·
687 1698 730 1757 J
735 1718 839 1757 ure
856 1698 1042 1775 igitur
1057 1698 1271 1777 gravis,
1284 1698 1457 1775 eujus
1480 1698 1557 1757 de
1578 1698 1855 1757 laudibus
1876 1698 2140 1757 omnium
2154 1702 2181 1725 ³

215 1808 375 1852 esset
395 1796 568 1853 fama
589 1795 998 1853 consentiens!
1085 1794 1291 1865 Quem
1311 1794 1502 1853 virum
1530 1814 1725 1872 nuper
1746 1794 1819 1851 P.
1838 1794 2141 1862 Crassum,

216 1890 578 1967 pontificem
613 1890 972 1961 maximum3
1017 1910 1199 1966 quem
1221 1903 1437 1968 postea
1464 1890 1553 1947 M.
1572 1888 1897 1967 Lepidum,
1926 1887 2143 1945 eodem

215 1984 568 2045 sacerdotio
594 1974 931 2063 praeditum,
954 1985 1240 2043 vidimus!
1330 1984 1503 2055 Quid
1524 1983 1603 2041 de
1622 1983 1833 2050 Panlo,
1855 1993 1961 2039 aut
1988 1981 2143 2039 Afri-

219 2100 374 2147 cano
401 2081 660 2158 loquar?
703 2094 820 2150 aut,
848 2093 916 2139 ut
932 2081 1062 2158 jam
1091 2093 1248 2150 ante,
1277 2078 1355 2137 de
1385 2077 1701 2137 Maximo‘t
1744 2081 2001 2154 quorum
2027 2096 2144 2137 non

217 2174 282 2232 in
307 2175 616 2233 sententia
641 2177 854 2245 solum,
873 2174 984 2233 sed
1003 2175 1182 2235 etiam
1209 2175 1273 2236 iu
1296 2187 1447 2233 nutu
1474 2171 1779 2231 residebat
1806 2172 2143 2231 auctoritas.
2179 2184 2187 2194 '

223 2270 442 2330 Habet
468 2276 762 2341 senectuS,
784 2272 1068 2329 honorata
1088 2270 1439 2349 praesertim,
1458 2281 1682 2327 tantam
1705 2268 2141 2337 auctoritatem,

225 2380 290 2425 ut
319 2387 396 2425 ea
422 2367 616 2447 pluris
641 2366 740 2437 sit,
769 2386 946 2444 quam
972 2386 1178 2425 omnes
1207 2364 1633 2431 adolescentiae
1662 2366 2011 2443 voluptates.

305 2558 558 2617 XVIII.
597 2564 698 2617 62.
733 2558 860 2617 Sed
887 2559 948 2617 in
975 2558 1140 2617 omni
1170 2557 1435 2617 oratione
1464 2570 1845 2627 mementote,
1876 2578 2011 2617 eam
2040 2578 2141 2617 me

227 2666 604 2741 senectutem
635 2653 902 2721 laudare,
933 2674 1066 2730 quae
1099 2652 1497 2713 fundamentis
1540 2654 1957 2713 adolescentiae
2000 2638 2139 2713 con·

227 2750 434 2809 stituta
459 2751 570 2809 sit:
613 2768 692 2808 ex
721 2770 840 2827 quo
869 2737 1120 2809 efficitur
1145 2748 1226 2818 id,
1256 2749 1417 2825 quod
1444 2770 1563 2828 ego
1589 2770 1807 2827 magno
1835 2749 2141 2826 quondam

229 2865 364 2905 cum
393 2864 644 2907 assensu
669 2845 939 2903 omnium
965 2844 1130 2903 dixi:
1173 2845 1461 2905 Miseram
1498 2866 1609 2905 esse
1638 2854 1983 2915 senectutem,
2012 2864 2141 2922 qua

229 2962 286 2999 se
307 2932 936 3019 oratione'dqfenderet.
1017 2941 1160 2999 Nou
1189 2941 1341 3011 cani,
1366 2962 1483 2999 non
1518 2962 1687 3019 rugae
1719 2950 1969 3019 repente
2003 2960 2139 3000 auc-

231 3038 522 3097 toritatem
551 3038 818 3115 arripere
839 3049 1112 3114 possunt:
1151 3037 1255 3097 sed
1281 3038 1529 3097 honeste
1554 3051 1689 3095 acta
1706 3037 1979 3115 superior
1996 3048 2142 3095 aetas

231 3132 456 3193 fructus
495 3132 658 3211 capit
687 3131 1064 3195 auctoritatis
1103 3117 1417 3192 extremos.
1498 3138 1593 3191 63.
1630 3132 1785 3191 Haec
1816 3132 1976 3190 enim
2012 3131 2144 3207 ipsa

229 3243 365 3293 sunt
376 3228 776 3295 honorabilia,
795 3248 930 3305 qute
946 3227 1223 3287 videntur
1237 3228 1393 3287 levia
1414 3242 1591 3305 atque
1612 3227 1969 3292 communia,
1984 3226 2141 3280 salu-

229 3325 358 3393 tari,
388 3325 612 3403 appeti,
644 3322 880 3391 decedi,
909 3323 1156 3400 assurgi,
1183 3323 1418 3392 deduci,
1446 3322 1673 3390 reduci,
1702 3318 1963 3378 consuli:
2008 3336 2141 3391 quae

228 3433 288 3481 et
319 3420 484 3499 apud
511 3439 642 3489 nos,
673 3430 736 3477 et
761 3418 822 3477 in
857 3418 987 3475 aliis
1015 3418 1363 3486 civitatibuS,
1392 3430 1458 3477 ut
1482 3434 1737 3494 quaeque
1766 3410 1990 3487 optime
2019 3428 2141 3465 mo·-

225 3529 368 3585 rata,
386 3512 470 3575 ita
490 3513 948 3591 diligentissime
967 3513 1367 3573 observantur.
1452 3507 1831 3585 Lysandrum
1858 3501 2141 3561 Lacedae-

225 3612 512 3679 monium,
533 3610 634 3688 cuj
644 3628 712 3667 us
733 3607 908 3665 modo
928 3608 1293 3665 mentionem
1314 3604 1453 3673 feci,
1474 3603 1675 3658 dicere
1698 3598 1865 3655 aiunt
1884 3596 2139 3667 solitum,

225 3707 736 3771 Lacedaemonem
753 3722 890 3766 esse
904 3700 1381 3763 honestissimum
1400 3694 1769 3759 domicilium
1784 3694 2109 3757 senectutis
2125 3717 2141 3754 ε
