2492 4392
388 351 475 410 48
938 358 1005 408 n.
1038 355 1098 408 τ.
1132 353 1460 408 cmv-„nouis
1496 350 1758 419 nmmos,-

389 519 510 558 non
551 497 729 556 modo
764 496 1189 556 familiaritates
1228 497 1496 575 extingui
1535 499 1749 568 solere,
1785 497 1895 554 sed
1935 497 2116 556 etiam
2165 498 2327 557 odia,

390 594 555 672 gigni
587 593 965 671 sempiterna.
1046 593 1203 651 Haec
1236 594 1318 651 ita
1353 594 1553 662 multa,
1583 594 1753 670 quasi
1781 593 1915 663 fata,
1945 595 2313 672 impendere

390 689 683 758 amicitiis,
710 701 779 747 ut
805 688 1007 746 omnia
1033 687 1452 766 subterfugere
1479 709 1599 746 non
1627 689 1805 748 modo
1832 691 2165 769 sapientiae,
2196 689 2312 748 sed

388 785 567 845 etiam
592 784 894 843 felicitatis
920 783 1151 844 diceret
1176 785 1288 843 sibi
1317 785 1523 845 videri.

462 976 577 1034 XI.
626 980 720 1034 36.
764 975 1179 1048 Quamobrem
1218 975 1284 1036 id
1326 976 1586 1058 primum
1625 976 1953 1048 videamus,
1985 977 2038 1036 si
2081 977 2303 1056 placet,

385 1085 675 1149 quatenus
730 1093 899 1130 amor
942 1073 1005 1130 in
1061 1073 1319 1131 amicitia
1364 1073 1645 1151 progredi
1681 1073 1917 1133 debeat.
2019 1073 2207 1142 Num,
2252 1073 2302 1132 si

387 1167 741 1226 Coriolanus
772 1169 979 1227 habuit
1020 1169 1262 1236 amicos,
1289 1167 1452 1226 ferre
1485 1181 1688 1226 contra
1721 1168 1972 1248 patriam
2013 1186 2180 1226 arma
2213 1169 2302 1227 illi

388 1283 525 1322 cum
550 1264 881 1323 Coriolano
915 1264 1299 1322 debuerunt?
1337 1285 1483 1322 num
1511 1264 1908 1323 Viscellinum
1949 1263 2128 1322 amici
2163 1285 2298 1341 reg-

384 1377 530 1416 num
578 1369 986 1437 appetentem,
1019 1378 1162 1418 num
1210 1359 1319 1438 Sp.
1345 1360 1614 1418 Maeliu‘m
1663 1359 1997 1418 debuerunt
2031 1360 2296 1438 juvare‘l

386 1459 481 1512 37.
520 1453 652 1513 Tib.
678 1454 924 1531 quidem
952 1454 1294 1512 Gracchum
1335 1455 1768 1534 rempublicam
1800 1462 2115 1513 vexantem
2150 1475 2188 1512 a
2215 1455 2294 1526 Q.

388 1541 708 1608 Tuberone·
724 1550 1178 1627 aequalibusque
1196 1550 1402 1608 amicis
1421 1550 1774 1608 derelictum
1790 1551 2158 1608 videbamus.
2213 1552 2296 1608 At

385 1643 456 1704 C.
470 1645 739 1703 Blossius
758 1645 1085 1714 Cumanus,
1102 1647 1325 1724 hospes
1341 1645 1584 1704 familiae
1604 1659 1832 1714 vestm,
1853 1647 2137 1714 Scaevola,
2158 1661 2294 1704 eum

386 1739 463 1798 ad
496 1761 611 1811 me,
640 1740 743 1818 qui
772 1740 1013 1798 aderam
1046 1741 1280 1800 Laensti
1308 1752 1368 1799 et
1396 1741 1642 1820 Rupilio
1685 1741 2023 1800 consulibus
2057 1741 2119 1799 in
2159 1761 2294 1800 con·

384 1837 533 1906 silio,
544 1837 931 1915 deprecatum
945 1836 1220 1907 venisset,
1238 1838 1411 1908 hanc,
1423 1848 1487 1895 ut
1507 1837 1621 1896 sibi
1639 1838 2034 1916 ignoscerem,
2053 1855 2294 1896 causam

384 1933 685 2002 afferebat,
716 1933 878 2010 quod
911 1935 1056 1991 tanti
1080 1934 1216 1992 Tib.
1234 1934 1580 1992 Gracchum
1613 1933 1870 2002 fecisset,
1898 1946 1980 2002 ut,
2001 1933 2292 2010 quidquid

384 2029 487 2087 ille
528 2030 727 2098 vellet,
763 2029 878 2087 sibi
912 2027 1252 2090 faciendum
1292 2042 1546 2108 putaret.
1631 2029 1790 2086 Tum
1823 2049 1957 2108 ege,
1992 2030 2292 2100 Etiamne,

384 2124 645 2201 inquam,
668 2125 717 2182 si
740 2136 799 2184 te
821 2125 882 2182 in
907 2125 1273 2204 Capitolium
1293 2125 1449 2183 faces
1475 2124 1634 2184 ferre
1657 2126 1874 2184 vellet‘l
1956 2126 2292 2202 Nunquam,

343 2215 351 2224 ’
384 2217 592 2297 inquit,
612 2221 878 2278 voluisset
896 2221 964 2278 id
982 2221 1233 2298 quidem.
1309 2219 1455 2290 Sed,
1478 2220 1528 2278 si
1544 2221 1868 2279 voluisset?
1935 2221 2291 2280 Pamissem.

383 2313 644 2385 Videtis,
677 2336 854 2393 quam
896 2316 1123 2375 nefaria
1152 2337 1288 2375 vox.
1369 2316 1455 2374 Et
1485 2317 1692 2376 hercle
1723 2317 1808 2375 ita
1837 2316 1994 2384 fecit,
2024 2317 2122 2375 vel
2156 2319 2293 2396 plus

384 2409 582 2478 etiam,
620 2429 798 2487 quam
846 2411 1033 2472 dixit:
1091 2431 1210 2471 non
1265 2411 1428 2470 enim
1480 2413 1679 2490 paruit
1723 2413 1825 2471 ille
1868 2413 2003 2471 Tib.
2032 2411 2292 2471 Gracchi

382 2505 724 2573 temeritati,
746 2505 855 2563 sed
884 2506 1119 2582 praefuit
1134 2531 1149 2579 3
1192 2521 1306 2566 nec
1333 2527 1402 2566 se
1427 2507 1712 2578 comitem
1739 2507 1900 2566 illius
1927 2507 2162 2577 furoris,
2185 2507 2292 2565 ned

382 2594 601 2656 ducem
649 2601 922 2678 praebuit.
1019 2602 1232 2680 Itaque
1276 2604 1390 2661 hac
1444 2604 1719 2673 amentia,
1763 2604 2093 2680 quaestione
2139 2620 2292 2661 nova

382 2694 750 2772 perterritus,
769 2695 831 2752 in
848 2695 1058 2755 Asiam
1076 2698 1359 2776 profugit,
1384 2699 1459 2756 ad
1482 2700 1680 2758 hostes
1707 2711 1776 2758 se
1805 2700 2068 2769 contulit,
2086 2714 2292 2778 poenas

381 2788 731 2866 reipublicae
773 2809 980 2870 graves
1012 2793 1321 2871 justasque
1361 2795 1662 2873 persolvit.
1755 2795 1940 2854 Nulla
1979 2803 2070 2854 est
2109 2795 2291 2872 igitur

382 2886 689 2944 excusatio
728 2888 978 2964 peccati,
1012 2886 1061 2946 si
1104 2889 1281 2948 amici
1321 2909 1503 2949 causa
1544 2892 1920 2970 peccaveris:
1966 2895 2120 2957 nam,
2149 2908 2287 2946 cum

380 2981 747 3040 conciliatrix
771 2984 1043 3042 amicitiae
1062 2985 1294 3044 virtutis
1321 2987 1524 3064 opinio
1545 2987 1742 3056 fuerit,
1765 2986 2006 3045 difficile
2029 2993 2118 3042 es‘t
2147 2985 2291 3042 sini-

381 3074 579 3133 citiam
603 3089 863 3149 manere,
884 3079 934 3136 si
957 3099 993 3137 a
1013 3080 1229 3140 virtute
1253 3081 1561 3140 defeceris.
1643 3087 1738 3140 38.
1775 3081 1958 3153 Quod
1979 3080 2030 3138 si
2055 3091 2288 3137 rectum

379 3173 777 3242 statuerimus,
800 3176 894 3232 vel
923 3176 1256 3236 concedere
1285 3177 1505 3248 amicis,
1529 3177 1816 3256 quidquid
1836 3177 2034 3244 Velint,
2057 3177 2152 3233 vel
2180 3175 2286 3232 im-

332 3290 337 3296 ·
378 3281 613 3346 petram
642 3270 717 3326 ab
738 3270 844 3338 eis,
868 3271 1155 3348 quidquid
1178 3273 1458 3344 velimus3
1497 3273 1770 3352 perfecta
1789 3271 2030 3349 quidem
2055 3271 2286 3348 sapien-

378 3365 461 3422 tia
500 3365 699 3434 simus,
735 3365 785 3423 si
827 3367 974 3424 nihil
1006 3368 1225 3427 habeat
1263 3389 1359 3428 res
1400 3369 1562 3428 vitii:
1621 3367 1728 3426 sed
1761 3367 2058 3446 loquimur
2097 3365 2175 3424 de·
2211 3366 2288 3424 iis

380 3461 605 3532 amicis,
634 3463 737 3540 qui
766 3475 901 3522 ante
935 3465 1136 3522 oculos
1168 3476 1322 3535 sunt,
1351 3485 1502 3543 quos
1529 3464 1804 3532 vidimus,
1836 3469 1937 3522 aut
1965 3463 2042 3521 de
2071 3462 2288 3539 quibus

378 3559 728 3616 memoriam
751 3559 1113 3638 accepimus,
1133 3579 1278 3640 quos
1301 3561 1463 3619 novit
1482 3560 1602 3618 vita
1623 3559 1971 3618 communis.
2051 3557 2154 3616 Ex
2173 3554 2288 3615 hoc

377 3646 835 3714 numero-nobis
876 3657 1157 3734 exempla
1197 3656 1488 3716 sumenda·
1519 3669 1674 3725 sunt,
1704 3666 1765 3716 et
1802 3662 2011 3714 eorum
2043 3653 2290 3732 quidem

378 3745 659 3817 maxime,
682 3748 783 3823 qui
806 3749 882 3806 ad
906 3750 1261 3828 sapientiam
1281 3752 1558 3831 proxime
1585 3751 1895 3812 accedunt.
1975 3755 2071 3809 39.
2098 3748 2286 3808 Vide-
