<?xml version="1.0" encoding="UTF-8"?>
<!DOCTYPE html PUBLIC "-//W3C//DTD XHTML 1.0 Transitional//EN"
    "http://www.w3.org/TR/xhtml1/DTD/xhtml1-transitional.dtd">
<html xmlns="http://www.w3.org/1999/xhtml" xml:lang="en" lang="en">
 <head>
  <title>
</title>
<meta http-equiv="Content-Type" content="text/html;charset=utf-8" />
  <meta name='ocr-system' content='tesseract 3.04.00' />
  <meta name='ocr-capabilities' content='ocr_page ocr_carea ocr_par ocr_line ocrx_word'/>
</head>
<body>
  <div class='ocr_page' id='page_1' title='image "./desenectutedeam01anthgoog_0090.png"; bbox 0 0 2492 4392; ppageno 0'>
   <div class='ocr_carea' id='block_1_1' title="bbox 494 755 1862 855">
    <p class='ocr_par' dir='ltr' id='par_1_1' title="bbox 494 755 1862 855">
     <span class='ocr_line' id='line_1_1' title="bbox 494 755 1862 855; baseline 0.01 -13"><span class='ocrx_word' id='word_1_1' title='bbox 494 755 1862 855; x_wconf 69' lang='lat' dir='ltr'><strong>M;TULL11(HssERoNIS</strong></span> 
     </span>
    </p>
   </div>
   <div class='ocr_carea' id='block_1_2' title="bbox 568 955 1788 1234">
    <p class='ocr_par' dir='ltr' id='par_1_2' title="bbox 568 955 1788 1234">
     <span class='ocr_line' id='line_1_2' title="bbox 717 955 1674 1048; baseline 0.006 -6"><span class='ocrx_word' id='word_1_2' title='bbox 717 955 1674 1048; x_wconf 85' lang='lat' dir='ltr'><strong>PARADOXA</strong></span> 
     </span>
     <span class='ocr_line' id='line_1_3' title="bbox 568 1115 1788 1234; baseline 0.006 -9"><span class='ocrx_word' id='word_1_3' title='bbox 568 1153 771 1227; x_wconf 79' lang='lat' dir='ltr'><strong>AD</strong></span> <span class='ocrx_word' id='word_1_4' title='bbox 846 1115 1788 1234; x_wconf 59' lang='lat' dir='ltr'><strong>&#39;mnu-urum,</strong></span> 
     </span>
    </p>
   </div>
   <div class='ocr_carea' id='block_1_3' title="bbox 936 1449 1436 1498">
    <p class='ocr_par' dir='ltr' id='par_1_3' title="bbox 936 1449 1436 1498">
     <span class='ocr_line' id='line_1_4' title="bbox 936 1449 1436 1498; baseline -0.006 -2"><span class='ocrx_word' id='word_1_5' title='bbox 936 1449 1436 1498; x_wconf 53' lang='lat' dir='ltr'><strong>Pacu-:Mune</strong></span> 
     </span>
    </p>
   </div>
   <div class='ocr_carea' id='block_1_4' title="bbox 204 1537 2136 2763">
    <p class='ocr_par' dir='ltr' id='par_1_4' title="bbox 204 1537 2136 2763">
     <span class='ocr_line' id='line_1_5' title="bbox 282 1537 2136 1624; baseline 0.005 -29"><span class='ocrx_word' id='word_1_6' title='bbox 282 1538 337 1592; x_wconf 82' lang='lat' dir='ltr'><strong>l.</strong></span> <span class='ocrx_word' id='word_1_7' title='bbox 370 1537 857 1612; x_wconf 69' lang='lat' dir='ltr'><strong>Amummu,</strong></span> <span class='ocrx_word' id='word_1_8' title='bbox 888 1542 1101 1614; x_wconf 84' lang='lat' dir='ltr'><strong>Brute,</strong></span> <span class='ocrx_word' id='word_1_9' title='bbox 1128 1564 1292 1624; x_wconf 75' lang='lat' dir='ltr'><strong>saepe</strong></span> <span class='ocrx_word' id='word_1_10' title='bbox 1320 1543 1630 1611; x_wconf 76' lang='lat' dir='ltr'><strong>Catonem,</strong></span> <span class='ocrx_word' id='word_1_11' title='bbox 1651 1543 2014 1602; x_wconf 68' lang='lat' dir='ltr'><strong>avunculum</strong></span> <span class='ocrx_word' id='word_1_12' title='bbox 2045 1555 2136 1606; x_wconf 82' lang='lat' dir='ltr'><strong>tu·</strong></span> 
     </span>
     <span class='ocr_line' id='line_1_6' title="bbox 204 1635 2134 1716; baseline 0.004 -25"><span class='ocrx_word' id='word_1_13' title='bbox 204 1646 323 1700; x_wconf 78' lang='lat' dir='ltr'><strong>um,</strong></span> <span class='ocrx_word' id='word_1_14' title='bbox 352 1653 561 1710; x_wconf 86' lang='lat' dir='ltr'><strong>quum</strong></span> <span class='ocrx_word' id='word_1_15' title='bbox 597 1635 659 1694; x_wconf 90' lang='lat' dir='ltr'><strong>in</strong></span> <span class='ocrx_word' id='word_1_16' title='bbox 699 1651 905 1697; x_wconf 83' lang='lat' dir='ltr'><strong>senatu</strong></span> <span class='ocrx_word' id='word_1_17' title='bbox 945 1640 1302 1699; x_wconf 79' lang='lat' dir='ltr'><strong>sententiam</strong></span> <span class='ocrx_word' id='word_1_18' title='bbox 1333 1639 1578 1706; x_wconf 85' lang='lat' dir='ltr'><strong>diceret,</strong></span> <span class='ocrx_word' id='word_1_19' title='bbox 1612 1637 1774 1696; x_wconf 76' lang='lat' dir='ltr'><strong>locos</strong></span> <span class='ocrx_word' id='word_1_20' title='bbox 1804 1659 2020 1716; x_wconf 77' lang='lat' dir='ltr'><strong>graves</strong></span> <span class='ocrx_word' id='word_1_21' title='bbox 2053 1659 2134 1700; x_wconf 83' lang='lat' dir='ltr'><strong>ex</strong></span> 
     </span>
     <span class='ocr_line' id='line_1_7' title="bbox 204 1723 2135 1810; baseline 0.006 -27"><span class='ocrx_word' id='word_1_22' title='bbox 204 1723 599 1810; x_wconf 73' lang='lat' dir='ltr'>philosophia</span> <span class='ocrx_word' id='word_1_23' title='bbox 642 1745 913 1805; x_wconf 83' lang='lat' dir='ltr'><strong>tractare,</strong></span> <span class='ocrx_word' id='word_1_24' title='bbox 950 1735 1334 1794; x_wconf 72' lang='lat' dir='ltr'><strong>abhorrentes</strong></span> <span class='ocrx_word' id='word_1_25' title='bbox 1373 1731 1450 1789; x_wconf 83' lang='lat' dir='ltr'><strong>ab</strong></span> <span class='ocrx_word' id='word_1_26' title='bbox 1479 1731 1594 1790; x_wconf 84' lang='lat' dir='ltr'><strong>hoe</strong></span> <span class='ocrx_word' id='word_1_27' title='bbox 1642 1753 1756 1792; x_wconf 75' lang='lat' dir='ltr'><strong>neu</strong></span> <span class='ocrx_word' id='word_1_28' title='bbox 1796 1733 2024 1792; x_wconf 76' lang='lat' dir='ltr'><strong>forensi</strong></span> <span class='ocrx_word' id='word_1_29' title='bbox 2071 1747 2135 1794; x_wconf 85' lang='lat' dir='ltr'><strong>et</strong></span> 
     </span>
     <span class='ocr_line' id='line_1_8' title="bbox 204 1821 2134 1908; baseline 0.002 -24"><span class='ocrx_word' id='word_1_30' title='bbox 204 1821 495 1898; x_wconf 78' lang='lat' dir='ltr'><strong>public03</strong></span> <span class='ocrx_word' id='word_1_31' title='bbox 534 1828 642 1886; x_wconf 80' lang='lat' dir='ltr'><strong>sed</strong></span> <span class='ocrx_word' id='word_1_32' title='bbox 664 1829 921 1893; x_wconf 79' lang='lat' dir='ltr'><strong>dicendo</strong></span> <span class='ocrx_word' id='word_1_33' title='bbox 946 1830 1470 1908; x_wconf 73' lang='lat' dir='ltr'><strong>consequi‘tamen,</strong></span> <span class='ocrx_word' id='word_1_34' title='bbox 1489 1840 1554 1886; x_wconf 89' lang='lat' dir='ltr'><strong>ut</strong></span> <span class='ocrx_word' id='word_1_35' title='bbox 1579 1827 1680 1885; x_wconf 88' lang='lat' dir='ltr'><strong>illa</strong></span> <span class='ocrx_word' id='word_1_36' title='bbox 1707 1828 1884 1886; x_wconf 88' lang='lat' dir='ltr'><strong>etiam</strong></span> <span class='ocrx_word' id='word_1_37' title='bbox 1907 1831 2134 1907; x_wconf 87' lang='lat' dir='ltr'><strong>populo</strong></span> 
     </span>
     <span class='ocr_line' id='line_1_9' title="bbox 207 1918 2132 2002; baseline 0.003 -28"><span class='ocrx_word' id='word_1_38' title='bbox 207 1918 556 1991; x_wconf 82' lang='lat' dir='ltr'>probabilia</span> <span class='ocrx_word' id='word_1_39' title='bbox 588 1924 950 1984; x_wconf 83' lang='lat' dir='ltr'><strong>viderentur.</strong></span> <span class='ocrx_word' id='word_1_40' title='bbox 1030 1930 1083 1984; x_wconf 77' lang='lat'><strong>2.</strong></span> <span class='ocrx_word' id='word_1_41' title='bbox 1122 1920 1314 2002; x_wconf 66' lang='lat' dir='ltr'><strong>Quod</strong></span> <span class='ocrx_word' id='word_1_42' title='bbox 1341 1941 1418 1980; x_wconf 88' lang='lat' dir='ltr'><strong>eo</strong></span> <span class='ocrx_word' id='word_1_43' title='bbox 1457 1922 1650 1999; x_wconf 74' lang='lat' dir='ltr'><strong>majus</strong></span> <span class='ocrx_word' id='word_1_44' title='bbox 1691 1933 1786 1979; x_wconf 76' lang='lat' dir='ltr'><strong>eet</strong></span> <span class='ocrx_word' id='word_1_45' title='bbox 1817 1921 1920 1992; x_wconf 87' lang='lat' dir='ltr'><strong>illi,</strong></span> <span class='ocrx_word' id='word_1_46' title='bbox 1952 1943 2132 2000; x_wconf 82' lang='lat' dir='ltr'><strong>quam</strong></span> 
     </span>
     <span class='ocr_line' id='line_1_10' title="bbox 208 2014 2130 2098; baseline 0.005 -32"><span class='ocrx_word' id='word_1_47' title='bbox 208 2025 311 2069; x_wconf 79' lang='lat' dir='ltr'><strong>aut</strong></span> <span class='ocrx_word' id='word_1_48' title='bbox 342 2015 462 2075; x_wconf 87' lang='lat' dir='ltr'><strong>tibi</strong></span> <span class='ocrx_word' id='word_1_49' title='bbox 496 2031 601 2078; x_wconf 89' lang='lat' dir='ltr'><strong>aut</strong></span> <span class='ocrx_word' id='word_1_50' title='bbox 630 2021 835 2092; x_wconf 78' lang='lat' dir='ltr'><strong>nobis3</strong></span> <span class='ocrx_word' id='word_1_51' title='bbox 888 2022 1033 2098; x_wconf 76' lang='lat' dir='ltr'><strong>quin</strong></span> <span class='ocrx_word' id='word_1_52' title='bbox 1063 2037 1171 2076; x_wconf 82' lang='lat' dir='ltr'><strong>noe</strong></span> <span class='ocrx_word' id='word_1_53' title='bbox 1204 2037 1280 2080; x_wconf 75' lang='lat' dir='ltr'><strong>ea</strong></span> <span class='ocrx_word' id='word_1_54' title='bbox 1309 2014 1692 2093; x_wconf 71' lang='lat' dir='ltr'><strong>philosophia</strong></span> <span class='ocrx_word' id='word_1_55' title='bbox 1722 2017 1856 2094; x_wconf 79' lang='lat' dir='ltr'><strong>plus</strong></span> <span class='ocrx_word' id='word_1_56' title='bbox 1889 2018 2130 2090; x_wconf 87' lang='lat' dir='ltr'><strong>utimur,</strong></span> 
     </span>
     <span class='ocr_line' id='line_1_11' title="bbox 204 2109 2130 2193; baseline 0.003 -25"><span class='ocrx_word' id='word_1_57' title='bbox 204 2125 343 2180; x_wconf 79' lang='lat' dir='ltr'><strong>quae</strong></span> <span class='ocrx_word' id='word_1_58' title='bbox 378 2115 629 2193; x_wconf 81' lang='lat' dir='ltr'>peperit</span> <span class='ocrx_word' id='word_1_59' title='bbox 661 2115 900 2174; x_wconf 82' lang='lat' dir='ltr'><strong>dicendi</strong></span> <span class='ocrx_word' id='word_1_60' title='bbox 930 2114 1179 2193; x_wconf 81' lang='lat' dir='ltr'><strong>copiam,</strong></span> <span class='ocrx_word' id='word_1_61' title='bbox 1210 2122 1274 2170; x_wconf 84' lang='lat' dir='ltr'><strong>et</strong></span> <span class='ocrx_word' id='word_1_62' title='bbox 1305 2109 1367 2167; x_wconf 89' lang='lat' dir='ltr'><strong>in</strong></span> <span class='ocrx_word' id='word_1_63' title='bbox 1403 2129 1524 2187; x_wconf 87' lang='lat' dir='ltr'><strong>qua</strong></span> <span class='ocrx_word' id='word_1_64' title='bbox 1555 2109 1836 2170; x_wconf 84' lang='lat' dir='ltr'><strong>dicuntur</strong></span> <span class='ocrx_word' id='word_1_65' title='bbox 1875 2133 1966 2182; x_wconf 85' lang='lat' dir='ltr'><strong>ea,</strong></span> <span class='ocrx_word' id='word_1_66' title='bbox 1995 2133 2130 2192; x_wconf 80' lang='lat' dir='ltr'><strong>quae</strong></span> 
     </span>
     <span class='ocr_line' id='line_1_12' title="bbox 206 2204 2128 2288; baseline 0.006 -30"><span class='ocrx_word' id='word_1_67' title='bbox 206 2219 329 2262; x_wconf 88' lang='lat' dir='ltr'><strong>non</strong></span> <span class='ocrx_word' id='word_1_68' title='bbox 350 2212 610 2269; x_wconf 81' lang='lat' dir='ltr'><strong>multum</strong></span> <span class='ocrx_word' id='word_1_69' title='bbox 632 2211 969 2288; x_wconf 77' lang='lat' dir='ltr'><strong>discrepent</strong></span> <span class='ocrx_word' id='word_1_70' title='bbox 986 2211 1059 2266; x_wconf 70' lang='lat' dir='ltr'><strong>ab</strong></span> <span class='ocrx_word' id='word_1_71' title='bbox 1080 2204 1364 2284; x_wconf 85' lang='lat' dir='ltr'><strong>opinione</strong></span> <span class='ocrx_word' id='word_1_72' title='bbox 1386 2206 1690 2285; x_wconf 82' lang='lat' dir='ltr'><strong>populari:</strong></span> <span class='ocrx_word' id='word_1_73' title='bbox 1728 2206 1881 2266; x_wconf 87' lang='lat' dir='ltr'><strong>Cato</strong></span> <span class='ocrx_word' id='word_1_74' title='bbox 1909 2222 2128 2281; x_wconf 84' lang='lat' dir='ltr'><strong>autem,</strong></span> 
     </span>
     <span class='ocr_line' id='line_1_13' title="bbox 208 2299 2128 2380; baseline 0.005 -26"><span class='ocrx_word' id='word_1_75' title='bbox 208 2299 535 2372; x_wconf 73' lang='lat' dir='ltr'><strong>perfeotuS,</strong></span> <span class='ocrx_word' id='word_1_76' title='bbox 570 2325 709 2364; x_wconf 87' lang='lat' dir='ltr'><strong>mea</strong></span> <span class='ocrx_word' id='word_1_77' title='bbox 752 2299 1061 2370; x_wconf 73' lang='lat' dir='ltr'><strong>sententia,</strong></span> <span class='ocrx_word' id='word_1_78' title='bbox 1094 2299 1352 2369; x_wconf 70' lang='lat' dir='ltr'><strong>Stoicus,</strong></span> <span class='ocrx_word' id='word_1_79' title='bbox 1387 2313 1450 2358; x_wconf 89' lang='lat' dir='ltr'><strong>et</strong></span> <span class='ocrx_word' id='word_1_80' title='bbox 1487 2319 1564 2360; x_wconf 87' lang='lat' dir='ltr'><strong>ea</strong></span> <span class='ocrx_word' id='word_1_81' title='bbox 1601 2301 1798 2371; x_wconf 74' lang='lat' dir='ltr'><strong>sentit,</strong></span> <span class='ocrx_word' id='word_1_82' title='bbox 1833 2323 1966 2380; x_wconf 81' lang='lat' dir='ltr'><strong>quae</strong></span> <span class='ocrx_word' id='word_1_83' title='bbox 2009 2324 2128 2362; x_wconf 87' lang='lat' dir='ltr'><strong>non</strong></span> 
     </span>
     <span class='ocr_line' id='line_1_14' title="bbox 208 2393 2124 2484; baseline 0.003 -31"><span class='ocrx_word' id='word_1_84' title='bbox 208 2410 353 2476; x_wconf 59' lang='lat' dir='ltr'><strong>sane</strong></span> <span class='ocrx_word' id='word_1_85' title='bbox 384 2400 711 2484; x_wconf 67' lang='lat' dir='ltr'><strong>probantur</strong></span> <span class='ocrx_word' id='word_1_86' title='bbox 735 2401 794 2458; x_wconf 78' lang='lat' dir='ltr'><strong>in</strong></span> <span class='ocrx_word' id='word_1_87' title='bbox 822 2397 1055 2474; x_wconf 69' lang='lat' dir='ltr'><strong>vulgae,</strong></span> <span class='ocrx_word' id='word_1_88' title='bbox 1082 2407 1145 2452; x_wconf 88' lang='lat' dir='ltr'><strong>et</strong></span> <span class='ocrx_word' id='word_1_89' title='bbox 1170 2393 1230 2452; x_wconf 85' lang='lat' dir='ltr'><strong>in</strong></span> <span class='ocrx_word' id='word_1_90' title='bbox 1255 2415 1332 2454; x_wconf 73' lang='lat' dir='ltr'><strong>en</strong></span> <span class='ocrx_word' id='word_1_91' title='bbox 1357 2407 1450 2454; x_wconf 76' lang='lat' dir='ltr'><strong>eet</strong></span> <span class='ocrx_word' id='word_1_92' title='bbox 1475 2395 1708 2467; x_wconf 73' lang='lat' dir='ltr'><strong>haeresi,</strong></span> <span class='ocrx_word' id='word_1_93' title='bbox 1729 2417 1864 2476; x_wconf 78' lang='lat' dir='ltr'><strong>quae</strong></span> <span class='ocrx_word' id='word_1_94' title='bbox 1891 2400 2124 2458; x_wconf 85' lang='lat' dir='ltr'><strong>nullum</strong></span> 
     </span>
     <span class='ocr_line' id='line_1_15' title="bbox 212 2485 2122 2578; baseline 0.004 -32"><span class='ocrx_word' id='word_1_95' title='bbox 212 2494 482 2567; x_wconf 63' lang='lat' dir='ltr'><strong>seqnitur</strong></span> <span class='ocrx_word' id='word_1_96' title='bbox 512 2494 721 2578; x_wconf 85' lang='lat' dir='ltr'><strong>florem</strong></span> <span class='ocrx_word' id='word_1_97' title='bbox 756 2485 1041 2552; x_wconf 78' lang='lat' dir='ltr'><strong>orationis</strong></span> <span class='ocrx_word' id='word_1_98' title='bbox 1072 2510 1272 2568; x_wconf 86' lang='lat' dir='ltr'><strong>neque</strong></span> <span class='ocrx_word' id='word_1_99' title='bbox 1305 2489 1508 2551; x_wconf 84' lang='lat' dir='ltr'><strong>dilatat</strong></span> <span class='ocrx_word' id='word_1_100' title='bbox 1541 2507 1974 2572; x_wconf 73' lang='lat' dir='ltr'><strong>argumentum,</strong></span> <span class='ocrx_word' id='word_1_101' title='bbox 2011 2495 2122 2556; x_wconf 77' lang='lat' dir='ltr'><strong>sed</strong></span> 
     </span>
     <span class='ocr_line' id='line_1_16' title="bbox 213 2586 2118 2672; baseline 0.004 -28"><span class='ocrx_word' id='word_1_102' title='bbox 213 2587 453 2652; x_wconf 79' lang='lat' dir='ltr'><strong>minutis</strong></span> <span class='ocrx_word' id='word_1_103' title='bbox 486 2586 1085 2668; x_wconf 77' lang='lat' dir='ltr'><strong>interrogatiunculis,</strong></span> <span class='ocrx_word' id='word_1_104' title='bbox 1116 2587 1290 2664; x_wconf 80' lang='lat' dir='ltr'><strong>quasi</strong></span> <span class='ocrx_word' id='word_1_105' title='bbox 1321 2589 1572 2667; x_wconf 77' lang='lat' dir='ltr'><strong>punctis,</strong></span> <span class='ocrx_word' id='word_1_106' title='bbox 1602 2590 1766 2670; x_wconf 85' lang='lat' dir='ltr'><strong>quod</strong></span> <span class='ocrx_word' id='word_1_107' title='bbox 1791 2594 2118 2672; x_wconf 77' lang='lat' dir='ltr'><strong>proposuit,</strong></span> 
     </span>
     <span class='ocr_line' id='line_1_17' title="bbox 214 2681 2120 2763; baseline 0.004 -23"><span class='ocrx_word' id='word_1_108' title='bbox 214 2683 405 2746; x_wconf 85' lang='lat' dir='ltr'><strong>efficit.</strong></span> <span class='ocrx_word' id='word_1_109' title='bbox 488 2693 545 2746; x_wconf 87' lang='lat'><strong>3.</strong></span> <span class='ocrx_word' id='word_1_110' title='bbox 580 2685 701 2746; x_wconf 84' lang='lat' dir='ltr'><strong>Sed</strong></span> <span class='ocrx_word' id='word_1_111' title='bbox 722 2682 872 2742; x_wconf 86' lang='lat' dir='ltr'><strong>nihil</strong></span> <span class='ocrx_word' id='word_1_112' title='bbox 892 2695 983 2740; x_wconf 80' lang='lat' dir='ltr'><strong>est</strong></span> <span class='ocrx_word' id='word_1_113' title='bbox 1008 2694 1131 2742; x_wconf 87' lang='lat' dir='ltr'><strong>tam</strong></span> <span class='ocrx_word' id='word_1_114' title='bbox 1158 2681 1524 2756; x_wconf 80' lang='lat' dir='ltr'>incredibile,</span> <span class='ocrx_word' id='word_1_115' title='bbox 1540 2683 1700 2763; x_wconf 83' lang='lat' dir='ltr'><strong>quod</strong></span> <span class='ocrx_word' id='word_1_116' title='bbox 1721 2707 1838 2746; x_wconf 87' lang='lat' dir='ltr'><strong>non</strong></span> <span class='ocrx_word' id='word_1_117' title='bbox 1863 2688 2120 2748; x_wconf 87' lang='lat' dir='ltr'><strong>dicendo</strong></span> 
     </span>
    </p>
   </div>
   <div class='ocr_carea' id='block_1_5' title="bbox 214 2777 2227 2862">
    <p class='ocr_par' dir='ltr' id='par_1_5' title="bbox 214 2777 2227 2862">
     <span class='ocr_line' id='line_1_18' title="bbox 214 2777 2227 2862; baseline 0.004 -26"><span class='ocrx_word' id='word_1_118' title='bbox 214 2777 315 2839; x_wconf 85' lang='lat' dir='ltr'><strong>fiat</strong></span> <span class='ocrx_word' id='word_1_119' title='bbox 344 2782 687 2862; x_wconf 85' lang='lat' dir='ltr'><strong>probabile;</strong></span> <span class='ocrx_word' id='word_1_120' title='bbox 738 2777 887 2834; x_wconf 79' lang='lat' dir='ltr'><strong>nihil</strong></span> <span class='ocrx_word' id='word_1_121' title='bbox 924 2790 1045 2836; x_wconf 83' lang='lat' dir='ltr'><strong>tam</strong></span> <span class='ocrx_word' id='word_1_122' title='bbox 1088 2778 1418 2850; x_wconf 86' lang='lat' dir='ltr'><strong>horridum,</strong></span> <span class='ocrx_word' id='word_1_123' title='bbox 1451 2792 1574 2848; x_wconf 77' lang='lat' dir='ltr'><strong>tam</strong></span> <span class='ocrx_word' id='word_1_124' title='bbox 1615 2781 1920 2853; x_wconf 81' lang='lat' dir='ltr'><strong>incultum,</strong></span> <span class='ocrx_word' id='word_1_125' title='bbox 1954 2783 2119 2862; x_wconf 87' lang='lat' dir='ltr'><strong>quod</strong></span> <span class='ocrx_word' id='word_1_126' title='bbox 2218 2790 2227 2799; x_wconf 79' lang='grc'><strong>“</strong></span> 
     </span>
    </p>
   </div>
   <div class='ocr_carea' id='block_1_6' title="bbox 207 2873 2142 3816">
    <p class='ocr_par' dir='ltr' id='par_1_6' title="bbox 207 2873 2142 3816">
     <span class='ocr_line' id='line_1_19' title="bbox 214 2873 2142 2956; baseline 0.004 -24"><span class='ocrx_word' id='word_1_127' title='bbox 214 2893 325 2935; x_wconf 88' lang='lat' dir='ltr'><strong>non</strong></span> <span class='ocrx_word' id='word_1_128' title='bbox 356 2875 738 2956; x_wconf 74' lang='lat' dir='ltr'><strong>splendescat</strong></span> <span class='ocrx_word' id='word_1_129' title='bbox 778 2873 1045 2934; x_wconf 85' lang='lat' dir='ltr'><strong>oratione</strong></span> <span class='ocrx_word' id='word_1_130' title='bbox 1078 2886 1141 2934; x_wconf 87' lang='lat' dir='ltr'><strong>et</strong></span> <span class='ocrx_word' id='word_1_131' title='bbox 1173 2886 1478 2954; x_wconf 84' lang='lat' dir='ltr'><strong>tamquam</strong></span> <span class='ocrx_word' id='word_1_132' title='bbox 1517 2879 1844 2938; x_wconf 73' lang='lat' dir='ltr'><strong>excolatur.</strong></span> <span class='ocrx_word' id='word_1_133' title='bbox 1925 2878 2116 2952; x_wconf 80' lang='lat' dir='ltr'><strong>Quod</strong></span> <span class='ocrx_word' id='word_1_134' title='bbox 2129 2921 2142 2930; x_wconf 89' lang='lat'>-</span> 
     </span>
     <span class='ocr_line' id='line_1_20' title="bbox 212 2969 2114 3053; baseline 0.003 -23"><span class='ocrx_word' id='word_1_135' title='bbox 212 2992 383 3047; x_wconf 89' lang='lat' dir='ltr'><strong>quum</strong></span> <span class='ocrx_word' id='word_1_136' title='bbox 412 2973 495 3030; x_wconf 89' lang='lat' dir='ltr'><strong>ita</strong></span> <span class='ocrx_word' id='word_1_137' title='bbox 520 2983 813 3050; x_wconf 84' lang='lat' dir='ltr'><strong>putarem,-</strong></span> <span class='ocrx_word' id='word_1_138' title='bbox 841 2969 956 3028; x_wconf 83' lang='lat' dir='ltr'><strong>feei</strong></span> <span class='ocrx_word' id='word_1_139' title='bbox 982 2969 1163 3030; x_wconf 77' lang='lat' dir='ltr'><strong>etiam</strong></span> <span class='ocrx_word' id='word_1_140' title='bbox 1192 2970 1494 3043; x_wconf 67' lang='lat' dir='ltr'><strong>audacius,</strong></span> <span class='ocrx_word' id='word_1_141' title='bbox 1523 2992 1700 3050; x_wconf 81' lang='lat' dir='ltr'><strong>quam</strong></span> <span class='ocrx_word' id='word_1_142' title='bbox 1728 2973 1834 3032; x_wconf 87' lang='lat' dir='ltr'><strong>ille</strong></span> <span class='ocrx_word' id='word_1_143' title='bbox 1862 2974 2008 3053; x_wconf 79' lang='lat' dir='ltr'><strong>ipse,</strong></span> <span class='ocrx_word' id='word_1_144' title='bbox 2037 2975 2114 3034; x_wconf 87' lang='lat' dir='ltr'><strong>de</strong></span> 
     </span>
     <span class='ocr_line' id='line_1_21' title="bbox 212 3065 2112 3147; baseline 0.002 -20"><span class='ocrx_word' id='word_1_145' title='bbox 212 3087 321 3144; x_wconf 88' lang='lat' dir='ltr'><strong>quo</strong></span> <span class='ocrx_word' id='word_1_146' title='bbox 346 3069 577 3144; x_wconf 85' lang='lat' dir='ltr'><strong>loquor.</strong></span> <span class='ocrx_word' id='word_1_147' title='bbox 661 3065 817 3124; x_wconf 84' lang='lat' dir='ltr'><strong>Cato</strong></span> <span class='ocrx_word' id='word_1_148' title='bbox 842 3065 1005 3124; x_wconf 87' lang='lat' dir='ltr'><strong>enim</strong></span> <span class='ocrx_word' id='word_1_149' title='bbox 1034 3065 1344 3128; x_wconf 79' lang='lat' dir='ltr'><strong>dumtaxat</strong></span> <span class='ocrx_word' id='word_1_150' title='bbox 1370 3066 1447 3126; x_wconf 87' lang='lat' dir='ltr'><strong>de</strong></span> <span class='ocrx_word' id='word_1_151' title='bbox 1475 3068 1881 3147; x_wconf 83' lang='lat' dir='ltr'>magnitudine</span> <span class='ocrx_word' id='word_1_152' title='bbox 1909 3070 2112 3143; x_wconf 85' lang='lat' dir='ltr'><strong>animi,</strong></span> 
     </span>
     <span class='ocr_line' id='line_1_22' title="bbox 212 3161 2113 3235; baseline 0.004 -17"><span class='ocrx_word' id='word_1_153' title='bbox 212 3161 281 3222; x_wconf 87' lang='lat' dir='ltr'><strong>de</strong></span> <span class='ocrx_word' id='word_1_154' title='bbox 312 3162 693 3231; x_wconf 85' lang='lat' dir='ltr'><strong>continentia,</strong></span> <span class='ocrx_word' id='word_1_155' title='bbox 722 3161 801 3220; x_wconf 84' lang='lat' dir='ltr'><strong>de</strong></span> <span class='ocrx_word' id='word_1_156' title='bbox 843 3173 1051 3231; x_wconf 85' lang='lat' dir='ltr'><strong>morte,</strong></span> <span class='ocrx_word' id='word_1_157' title='bbox 1080 3161 1159 3222; x_wconf 84' lang='lat' dir='ltr'><strong>de</strong></span> <span class='ocrx_word' id='word_1_158' title='bbox 1201 3163 1359 3222; x_wconf 87' lang='lat' dir='ltr'><strong>omni</strong></span> <span class='ocrx_word' id='word_1_159' title='bbox 1393 3163 1573 3225; x_wconf 83' lang='lat' dir='ltr'><strong>laude</strong></span> <span class='ocrx_word' id='word_1_160' title='bbox 1606 3165 1857 3235; x_wconf 70' lang='lat' dir='ltr'><strong>virtutiS,</strong></span> <span class='ocrx_word' id='word_1_161' title='bbox 1885 3167 1962 3226; x_wconf 86' lang='lat' dir='ltr'><strong>de</strong></span> <span class='ocrx_word' id='word_1_162' title='bbox 1998 3167 2113 3226; x_wconf 79' lang='lat' dir='ltr'><strong>diis</strong></span> 
     </span>
     <span class='ocr_line' id='line_1_23' title="bbox 209 3257 2112 3337; baseline 0.002 -23"><span class='ocrx_word' id='word_1_163' title='bbox 209 3257 657 3328; x_wconf 76' lang='lat' dir='ltr'><strong>immortalibus,</strong></span> <span class='ocrx_word' id='word_1_164' title='bbox 698 3257 777 3316; x_wconf 87' lang='lat' dir='ltr'><strong>de</strong></span> <span class='ocrx_word' id='word_1_165' title='bbox 826 3259 1071 3318; x_wconf 79' lang='lat' dir='ltr'><strong>caritate</strong></span> <span class='ocrx_word' id='word_1_166' title='bbox 1110 3257 1338 3337; x_wconf 78' lang='lat' dir='ltr'><strong>patriae,</strong></span> <span class='ocrx_word' id='word_1_167' title='bbox 1379 3259 1583 3320; x_wconf 81' lang='lat' dir='ltr'><strong>Stoice</strong></span> <span class='ocrx_word' id='word_1_168' title='bbox 1627 3261 1798 3330; x_wconf 77' lang='lat' dir='ltr'><strong>solet,</strong></span> <span class='ocrx_word' id='word_1_169' title='bbox 1841 3261 2112 3318; x_wconf 78' lang='lat' dir='ltr'><strong>oratoriis</strong></span> 
     </span>
     <span class='ocr_line' id='line_1_24' title="bbox 208 3354 2112 3433; baseline -0.001 -20"><span class='ocrx_word' id='word_1_170' title='bbox 208 3356 559 3420; x_wconf 75' lang='lat' dir='ltr'><strong>ornamentis</strong></span> <span class='ocrx_word' id='word_1_171' title='bbox 588 3354 891 3425; x_wconf 75' lang='lat' dir='ltr'><strong>adhibitis,</strong></span> <span class='ocrx_word' id='word_1_172' title='bbox 912 3355 1133 3414; x_wconf 82' lang='lat' dir='ltr'><strong>dicere.</strong></span> <span class='ocrx_word' id='word_1_173' title='bbox 1212 3354 1350 3433; x_wconf 82' lang='lat' dir='ltr'><strong>Ego</strong></span> <span class='ocrx_word' id='word_1_174' title='bbox 1377 3375 1523 3414; x_wconf 85' lang='lat' dir='ltr'><strong>vero</strong></span> <span class='ocrx_word' id='word_1_175' title='bbox 1550 3355 1654 3414; x_wconf 86' lang='lat' dir='ltr'><strong>illa</strong></span> <span class='ocrx_word' id='word_1_176' title='bbox 1678 3354 1826 3432; x_wconf 82' lang='lat' dir='ltr'><strong>ipsa,</strong></span> <span class='ocrx_word' id='word_1_177' title='bbox 1849 3373 1981 3431; x_wconf 84' lang='lat' dir='ltr'><strong>quae</strong></span> <span class='ocrx_word' id='word_1_178' title='bbox 2010 3354 2112 3412; x_wconf 83' lang='lat' dir='ltr'><strong>vix</strong></span> 
     </span>
     <span class='ocr_line' id='line_1_25' title="bbox 207 3447 2114 3530; baseline -0.003 -20"><span class='ocrx_word' id='word_1_179' title='bbox 207 3448 263 3510; x_wconf 87' lang='lat' dir='ltr'><strong>in</strong></span> <span class='ocrx_word' id='word_1_180' title='bbox 300 3450 630 3530; x_wconf 74' lang='lat' dir='ltr'>gymnasiis</span> <span class='ocrx_word' id='word_1_181' title='bbox 664 3464 727 3512; x_wconf 83' lang='lat' dir='ltr'><strong>et</strong></span> <span class='ocrx_word' id='word_1_182' title='bbox 758 3449 819 3508; x_wconf 89' lang='lat' dir='ltr'><strong>in</strong></span> <span class='ocrx_word' id='word_1_183' title='bbox 854 3450 991 3517; x_wconf 83' lang='lat' dir='ltr'><strong>otio</strong></span> <span class='ocrx_word' id='word_1_184' title='bbox 1010 3449 1193 3510; x_wconf 81' lang='lat' dir='ltr'><strong>Stoici</strong></span> <span class='ocrx_word' id='word_1_185' title='bbox 1226 3451 1500 3528; x_wconf 83' lang='lat' dir='ltr'><strong>probant,</strong></span> <span class='ocrx_word' id='word_1_186' title='bbox 1533 3447 1747 3512; x_wconf 80' lang='lat' dir='ltr'><strong>ludens</strong></span> <span class='ocrx_word' id='word_1_187' title='bbox 1785 3447 2017 3524; x_wconf 88' lang='lat' dir='ltr'><strong>conjeci</strong></span> <span class='ocrx_word' id='word_1_188' title='bbox 2049 3447 2114 3504; x_wconf 89' lang='lat' dir='ltr'><strong>in</strong></span> 
     </span>
     <span class='ocr_line' id='line_1_26' title="bbox 208 3541 2110 3623; baseline -0.003 -17"><span class='ocrx_word' id='word_1_189' title='bbox 208 3567 543 3609; x_wconf 70' lang='lat' dir='ltr'><strong>communes</strong></span> <span class='ocrx_word' id='word_1_190' title='bbox 564 3548 747 3608; x_wconf 77' lang='lat' dir='ltr'><strong>locos,</strong></span> <span class='ocrx_word' id='word_1_191' title='bbox 808 3551 861 3610; x_wconf 76' lang='lat'><strong>4.</strong></span> <span class='ocrx_word' id='word_1_192' title='bbox 890 3545 1068 3618; x_wconf 81' lang='lat' dir='ltr'><strong>Quae,</strong></span> <span class='ocrx_word' id='word_1_193' title='bbox 1085 3545 1224 3623; x_wconf 88' lang='lat' dir='ltr'><strong>quia</strong></span> <span class='ocrx_word' id='word_1_194' title='bbox 1236 3557 1378 3612; x_wconf 79' lang='lat' dir='ltr'><strong>sunt</strong></span> <span class='ocrx_word' id='word_1_195' title='bbox 1400 3541 1774 3606; x_wconf 77' lang='lat' dir='ltr'><strong>admirabilia</strong></span> <span class='ocrx_word' id='word_1_196' title='bbox 1791 3553 2110 3619; x_wconf 84' lang='lat' dir='ltr'><strong>contraque</strong></span> 
     </span>
     <span class='ocr_line' id='line_1_27' title="bbox 208 3633 2110 3724; baseline -0.005 -20"><span class='ocrx_word' id='word_1_197' title='bbox 208 3645 539 3724; x_wconf 78' lang='lat' dir='ltr'><strong>opinionem</strong></span> <span class='ocrx_word' id='word_1_198' title='bbox 558 3641 847 3713; x_wconf 80' lang='lat' dir='ltr'><strong>omnium,</strong></span> <span class='ocrx_word' id='word_1_199' title='bbox 864 3654 927 3704; x_wconf 77' lang='lat' dir='ltr'><strong>et</strong></span> <span class='ocrx_word' id='word_1_200' title='bbox 944 3643 1019 3708; x_wconf 72' lang='lat' dir='ltr'><strong>ab</strong></span> <span class='ocrx_word' id='word_1_201' title='bbox 1035 3642 1179 3721; x_wconf 69' lang='lat' dir='ltr'><strong>ipsis</strong></span> <span class='ocrx_word' id='word_1_202' title='bbox 1197 3639 1380 3700; x_wconf 85' lang='lat' dir='ltr'><strong>etiam</strong></span> <span class='ocrx_word' id='word_1_203' title='bbox 1401 3633 1702 3710; x_wconf 76' lang='grc' dir='ltr'>παράδοξα</span> <span class='ocrx_word' id='word_1_204' title='bbox 1723 3635 2110 3714; x_wconf 82' lang='lat' dir='ltr'><strong>appellantur,</strong></span> 
     </span>
     <span class='ocr_line' id='line_1_28' title="bbox 208 3725 2111 3816; baseline -0.006 -17"><span class='ocrx_word' id='word_1_205' title='bbox 208 3751 425 3807; x_wconf 72' lang='lat' dir='ltr'><strong>tentare</strong></span> <span class='ocrx_word' id='word_1_206' title='bbox 445 3738 637 3808; x_wconf 78' lang='lat' dir='ltr'><strong>volui,</strong></span> <span class='ocrx_word' id='word_1_207' title='bbox 659 3750 973 3816; x_wconf 62' lang='lat' dir='ltr'><strong>pospentne</strong></span> <span class='ocrx_word' id='word_1_208' title='bbox 994 3735 1250 3815; x_wconf 77' lang='lat' dir='ltr'><strong>proferri</strong></span> <span class='ocrx_word' id='word_1_209' title='bbox 1275 3734 1578 3798; x_wconf 72' lang='lat' dir='ltr'><strong>inlunem,</strong></span> <span class='ocrx_word' id='word_1_210' title='bbox 1600 3725 1664 3792; x_wconf 77' lang='lat' dir='ltr'><strong>id</strong></span> <span class='ocrx_word' id='word_1_211' title='bbox 1685 3742 1800 3800; x_wconf 54' lang='lat' dir='ltr'><strong>esu·</strong></span> <span class='ocrx_word' id='word_1_212' title='bbox 1816 3729 1877 3788; x_wconf 88' lang='lat' dir='ltr'><strong>in</strong></span> <span class='ocrx_word' id='word_1_213' title='bbox 1899 3729 2111 3801; x_wconf 81' lang='lat' dir='ltr'><strong>forum,</strong></span> 
     </span>
    </p>
   </div>
  </div>
 </body>
</html>
