2492 4392
341 363 427 425 04
1040 374 1106 418 Μ.
1140 374 1199 418 Τ.
1237 374 1563 418 cicnnoms

340 513 535 595 probi.
616 509 754 569 Nec
774 508 888 567 hoo
916 519 1038 566 tam
1064 527 1131 565 re
1158 518 1267 575 est,
1291 526 1469 585 quam
1491 504 1653 564 dictu
1675 504 2053 585 inopinatum
2087 520 2281 586 atque

342 608 635 667 mirabile.
716 604 860 661 Non
898 602 1057 661 enim
1085 602 1169 661 ita
1196 602 1404 663 dicunt
1437 616 1542 661 eos
1578 619 1711 659 esse
1745 620 1966 671 servos,
1997 615 2064 660 ut
2100 624 2276 661 man-

346 703 521 781 cipia,
558 720 691 779 quae
730 711 865 757 sunt
904 696 1283 755 dominorum
1323 697 1482 757 facta
1521 716 1701 767 nexu,
1746 708 1846 755 aut
1887 697 2091 776 alliquo
2123 700 2276 777 jure

345 796 547 857 civili:
608 792 735 865 sed,
784 793 835 851 si
882 792 1135 851 servitus
1194 792 1288 863 sit,
1337 792 1492 851 sicut
1552 804 1660 860 est,
1705 791 2048 851 obedientia
2095 792 2278 852 fracti

347 891 529 951 animi
567 902 743 966 atque
786 888 999 967 abjecti
1038 898 1101 945 et
1150 886 1396 946 arbitrio
1435 886 1690 945 carentis
1733 907 1861 956 suo,
1893 888 2026 964 quis
2065 902 2274 967 neget,

347 999 553 1045 omnes
600 986 782 1054 leves,
816 1000 1022 1042 omnes
1078 982 1348 1061 cupidos,
1387 1002 1592 1040 omnes
1641 980 1900 1059 denique
1946 980 2273 1063 improbo&

349 1097 481 1139 esse
508 1098 710 1139 servos
730 1078 760 1138 'l
1043 1085 1051 1092 '

428 1271 513 1329 ΙΙ.
556 1275 649 1328 36.
684 1270 784 1328 An
805 1268 907 1327 illo
928 1266 1073 1325 mihi
1092 1268 1266 1336 liber,
1290 1267 1388 1325 cui
1411 1268 1631 1325 mulier
1649 1266 1942 1348 imperat?
1979 1271 2075 1329 cui
2097 1272 2272 1352 leges

348 1366 620 1444 imponit,
654 1362 1000 1444 praes'cribit,
1025 1360 1221 1441 jubet,
1255 1372 1430 1432 vetat,
1465 1362 1622 1439 quod
1656 1364 1934 1425 videtur?
1981 1367 2086 1443 qui
2119 1368 2271 1426 nihil

348 1460 661 1537 imperanti
700 1476 929 1537 negare
968 1468 1179 1537 potest,
1207 1457 1354 1515 nihil
1393 1474 1674 1516 recusare
1717 1459 1896 1517 audet
1907 1460 1938 1519 '2
2021 1462 2270 1536 Poscit3

352 1554 615 1611 dandum
642 1566 761 1611 ests
790 1566 987 1623 νοσεῖς
1017 1550 1408 1611 veniendum:
1446 1552 1637 1631 ejicit3
1677 1552 2044 1615 abeundum:
2085 1559 2273 1617 mina-

350 1634 474 1718 tur‘3
512 1647 1045 1706 extimescendum.
1125 1644 1267 1725 Ego
1289 1666 1429 1707 vero
1448 1648 1624 1706 istum
1653 1668 1771 1707 non
1802 1650 1983 1708 modo
2011 1672 2274 1725 servum,

352 1740 463 1801 sed
488 1743 922 1820 nequissimum
954 1759 1212 1812 servum,
1242 1743 1423 1802 etiam
1463 1742 1514 1803 ei
1549 1744 1610 1801 in
1645 1745 2011 1824 amplissima
2039 1746 2277 1809 familia

351 1848 527 1897 natus
560 1838 655 1908 sit,
684 1837 1109 1917 appellandum
1136 1850 1302 1917 puto,
1383 1834 1584 1917 Atque
1615 1852 1678 1897 ut
1706 1840 1766 1899 in
1799 1862 2017 1921 magna
2044 1843 2278 1904 familia

351 1944 490 1992 eunt
520 1934 620 1991 alii
638 1933 942 2005 lautiorem
970 1946 1039 1992 ut
1063 1933 1176 1993 sibi
1198 1932 1493 2004 videntur,
1521 1934 1700 2006 servi,
1729 1936 1838 1995 sed
1865 1948 2063 1998 tamen
2093 1942 2276 2013 servi,

352 2028 439 2087 nic
478 2030 521 2087 ii
562 2030 695 2109 pari
742 2023 988 2089 stultitia
1034 2041 1188 2100 sunt,
1225 2049 1374 2108 quos
1427 2029 1612 2107 signa,
1648 2050 1796 2107 quos
1843 2032 2084 2105 tabulae,
2123 2058 2276 2115 quos

354 2126 625 2183 eaelatum
670 2138 1005 2205 argentum,
1034 2144 1185 2203 quos
1222 2124 1537 2184 Corinthia
1579 2145 1783 2204 opera,
1817 2148 1964 2203 quos
2014 2130 2274 2193 aedificia

352 2220 671 2299 magnifica
714 2222 899 2279 nimio
946 2237 1126 2298 opere
1175 2218 1498 2278 delectant.
1544 2252 1564 2271 ι
1599 2221 1683 2279 At
1726 2242 1937 2291 sumus,
1973 2222 2270 2303 inquiunt,

352 2316 607 2373 civitatis
629 2315 939 2391 principes.
1021 2312 1154 2371 Vos
1181 2332 1325 2369 vero
1351 2332 1428 2371 ne
1458 2336 1768 2376 servorum
1789 2317 2033 2394 quidem
2055 2328 2270 2383 vestro·
2358 2383 2366 2387 ,

351 2428 485 2466 rum
526 2408 829 2485 principes
870 2408 1027 2467 estis.
1118 2411 1213 2464 37.
1259 2406 1382 2465 Sed
1416 2421 1482 2466 ut
1507 2410 1574 2469 'in
1607 2411 1850 2483 familia,
1880 2414 1982 2491 qui
2017 2428 2270 2480 tractant

352 2502 483 2569 ista,
518 2500 622 2577 qui
664 2512 922 2579 tergunt,
959 2500 1063 2579 qni
1102 2514 1352 2579 ungunt,
1389 2505 1490 2581 qui
1529 2522 1790 2579 verrunt,
1821 2510 1923 2589 qui
1961 2517 2265 2595 spargunt,

352 2614 475 2655 non
496 2594 977 2653 honestissimum
998 2597 1199 2654 locum
1226 2600 1523 2659 servitutis
1550 2614 1792 2667 tenent:
1827 2606 1912 2666 sic
1934 2607 1992 2667 in
2015 2610 2264 2683 civitate,

354 2689 458 2767 qui
484 2708 549 2748 se
578 2690 823 2747 istarum
850 2708 1056 2749 rerum
1082 2684 1508 2771 ’cupiditatibus
1531 2697 1906 2773 dediderunt,
1930 2703 2116 2783 ipsius
2145 2726 2264 2767 eer-

352 2786 554 2845 vitntis
592 2786 795 2843 locum·
836 2803 1009 2864 paene
1049 2786 1320 2847 infimum
1369 2790 1656 2855 obtinent.
1756 2798 2012 2875 Magna,
2055 2801 2264 2883 inquit,

352 2880 507 2939 bella
534 2880 692 2957 gessi
711 2902 731 2937 .·
778 2884 1013 2957 magnis
1046 2884 1308 2959 imperiis
1341 2896 1394 2945 et
1419 2892 1742 2965 provinciis
1768 2896 2006 2975 prcefiai.
2099 2900 2314 2962 Gere-

351 2974 537 3051 igitur
558 2976 819 3035 animum
835 2975 1013 3036 laude
1033 2977 1300 3060 dignum.
1361 2982 1644 3045 Echionis
1667 2990 1865 3049 tabula
1882 3003 1942 3050 te
1963 2993 2262 3073 stupidum

353 3067 599 3141 detinet,
630 3080 731 3129 aut
772 3070 1010 3151 signum
1044 3074 1288 3154 aliquod
1316 3070 1636 3159 Polycleti.
1717 3084 1914 3158 Mitto,
1943 3088 2105 3149 unde
2143 3084 2262 3152 su'e-

350 3164 576 3236 tuleris,
613 3178 675 3223 et
707 3167 1002 3244 quomodo
1037 3171 1274 3231 habeas.
1356 3174 1696 3237 Intuentem
1735 3192 1813 3252 te,
1845 3184 2259 3261 admirantem,

244 3240 253 3246 “
352 3261 641 3319 clamores
663 3262 973 3323 tollentem
994 3270 1177 3343 quum
1199 3267 1393 3341 videO,
1412 3293 1644 3332 servum
1667 3288 1726 3334 te
1749 3298 1882 3337 esse
1904 3279 2260 3360 ineptiarum

280 3410 284 3417 ,
350 3356 614 3415 omnium
634 3356 859 3436 judico·
917 3362 1029 3421 38.
1060 3348 1263 3423 Nonne
1281 3367 1470 3443 igitur
1488 3381 1621 3428 sunt
1639 3372 2036 3451 ista-festiva?
2111 3378 2258 3439 Sint.

350 3449 511 3508 Nam
538 3472 649 3510 nos
679 3473 919 3533 quoque
947 3459 1149 3517 oculos
1184 3460 1444 3521 eruditos
1471 3462 1779 3526 habemus,
1861 3470 1984 3528 Sed
2015 3472 2258 3537 obsecro

347 3554 427 3614 te,
449 3546 531 3604 ita
550 3556 800 3631 venusta
816 3550 1149 3613 habeantur
1175 3556 1307 3629 ista,
1327 3578 1448 3617 non
1477 3572 1546 3617 ut
1571 3560 1812 3622 vincula
1839 3564 2099 3626 virorum
2127 3564 2256 3642 sint,

348 3638 453 3697 sed
486 3630 553 3698 'ut
600 3644 1031 3708 oblectamenta
1066 3671 1408 3730 puerorum.
1489 3654 1658 3727 Quid
1697 3658 1858 3717 enim
1900 3666 2156 3723 censes'l
2208 3663 2256 3725 si

348 3732 425 3795 L.
452 3734 777 3802 Mummiu's
819 3742 1083 3823 aliqnem
1122 3748 1388 3807 istorum*
1413 3744 1664 3825 videret,
1697 3752 2103 3818 matellionem
2140 3760 2254 3823 Co·
