2492 4392
663 307 820 362 ‘snm
857 321 950 362 ns
993 321 1613 366 enumerarem—car.
1640 325 1729 378 ιι,
1750 326 1813 374 x.
2142 315 2210 372 11

281 452 866 530 praescribebantur:
913 472 1172 530 quorum
1214 475 1404 532 usque
1444 455 1523 514 sd
1562 469 1903 518 extremum
1945 459 2217 538 spiritum

273 562 372 608 est
397 561 695 627 provecte
713 549 1058 627 prudentia.
1137 554 1236 608 28.
1272 551 1509 620 Orator,
1528 565 1747 641 metuo,
1768 573 1849 612 ne
1870 554 2217 633 languescet

277 658 636 704 senectute:
687 658 784 703 est
813 645 978 705 enim
1021 665 1236 704 munus
1276 648 1409 726 ejus
1448 667 1569 706 non
1598 649 1825 728 ingenii
1856 643 2069 722 solum,
2104 653 2214 712 sed

275 736 548 804 laterum
579 746 783 814 etism',
807 757 868 802 et
894 744 1132 834 virium.
1212 747 1471 806 Omnino
1498 764 1781 808 canorum
1810 749 1959 810 illud
1982 752 2044 810 in
2064 771 2211 812 voco

269 837 660 918 splendescit
701 841 900 908 etiam,
933 841 1142 899 nescio
1176 861 1295 919 quo
1336 857 1527 921 pacto,
1562 843 1623 901 in
1666 859 2007 918 senectute3
2050 847 2211 924 quod

273 937 576 1014 equidem
609 936 810 995 adhuc
841 935 962 994 non
989 937 1196 1008 smisi3
1241 950 1302 994 et
1326 937 1542 998 videtis
1576 959 1777 998 annos.
1858 941 1982 1000 Sed
2010 955 2211 1002 tumen

273 1045 374 1089 est
397 1031 664 1090 decorus
692 1051 892 1090 sermo
915 1031 1077 1092 senis
1119 1032 1355 1110 quietus
1380 1046 1443 1090 et
1466 1035 1773 1104 remissus,
1794 1035 2053 1114 facitque
2076 1059 2211 1118 per-

273 1147 454 1206 saepe
477 1128 610 1206 ipsa
633 1127 750 1200 sibi
773 1127 1140 1186 audientiam
1159 1127 1369 1186 diserti
1396 1130 1779 1188 sonis-comta
1806 1144 1867 1190 et
1892 1133 2049 1190 mitis
2076 1153 2206 1192 ors.-

277 1223 388 1282 tio.
475 1223 688 1294 Quam
713 1223 764 1280 si
783 1223 912 1301 ipse
933 1224 1180 1301 exsequi
1199 1243 1483 1302 nequeas,
1502 1225 1691 1302 possis
1718 1239 1919 1286 tamen
1932 1213 2209 1308 ⁸Scipioni

275 1319 630 1400 praecipere
679 1331 742 1377 et
777 1320 986 1378 Laelio.
1091 1319 1261 1392 Quid
1304 1320 1467 1378 enim
1504 1321 1833 1398 jucundius
1880 1337 2209 1394 senectute,

277 1416 508 1494 stipata
549 1415 761 1472 studiis
792 1417 1172 1493 juventutis'i
1264 1419 1361 1474 29.
1396 1418 1493 1474 An
1528 1437 1607 1474 ne
1640 1435 1740 1476 eas
1774 1417 2017 1496 quidem
2051 1421 2209 1478 vires

279 1511 582 1570 senectuti
613 1511 1036 1588 relinquemus,
1065 1525 1134 1570 ut
1159 1511 1637 1570 adolescentulos
1662 1512 1889 1584 doceat,
1918 1513 2119 1572 instita
2128 1527 2209 1586 st,

280 1605 364 1666 ad
405 1628 588 1666 omne
623 1606 802 1664 officii
835 1627 1052 1665 munus
1083 1607 1379 1667 instruet?
1422 1627 1541 1685 quo
1566 1607 1809 1687 quidem
1846 1629 2033 1688 opere
2064 1609 2205 1688 quid

283 1715 492 1781 potest
533 1723 666 1761 esse
701 1703 1088 1782 praeclsriusl
1188 1703 1341 1761 Mihi
1376 1723 1517 1762 vero
1552 1704 1665 1762 Cn.
1692 1716 1755 1763 et
1780 1704 1854 1763 P.
1876 1704 2208 1783 Scipiones,

287 1787 351 1858 et
383 1799 482 1857 avi
515 1798 608 1858 tui
644 1799 785 1868 duo,
819 1798 892 1856 L.
911 1798 1194 1858 AEmilius
1225 1813 1285 1857 et
1315 1799 1387 1858 P.
1404 1798 1747 1874 Africanus,
1782 1801 2067 1858 comitatu
2108 1819 2209 1858 no·

287 1895 501 1952 bilium
527 1895 824 1973 juvenum
859 1893 1142 1952 fortunati
1173 1873 1573 1954 videbantur?
1618 1915 1733 1952 nec
1772 1895 1881 1952 ulli
1916 1894 2211 1954 bonerum

289 1992 510 2050 artium
547 1989 823 2068 meg-istri
857 2011 971 2047 non
1005 1989 1164 2048 beati
1193 1989 1465 2068 putandi,
1492 1989 1761 2066 quamvis
1794 1989 2213 2048 consenuerint

291 2088 469 2157 vires,
501 2101 682 2163 atque
733 2085 1080 2144 defecerint.
1151 2085 1313 2150 ,Etsi
1357 2085 1473 2144 ista
1514 2084 1649 2162 ipss
1692 2083 1951 2142 defectio
1996 2085 2212 2142 virium

291 2183 716 2242 adolescentia>
737 2181 896 2240 vitiis
917 2181 1168 2238 efficitur
1189 2179 1411 2258 saepius
1432 2199 1614 2257 quam
1636 2178 1977 2237 senectutis.
2048 2177 2210 2236 Libi-

289 2280 495 2339 dinosa
525 2280 711 2348 enim,
743 2292 806 2336 et
833 2278 1232 2356 intemperans
1266 2275 1667 2334 adolescentia
1700 2275 1964 2333 effoetum
1995 2293 2211 2352 corpus

289 2375 470 2436 tradit
502 2374 815 2434 senectuti.
897 2379 992 2432 30.
1033 2374 1232 2450 Cyrus
1266 2371 1513 2448 quidem
1554 2370 1713 2450 apud
1748 2371 2209 2449 Xenophontem

291 2493 364 2530 oo
396 2492 696 2540 sermon-e,
725 2491 904 2548 quem
935 2468 1200 2527 moriens
1231 2467 1455 2538 habuit,
1492 2485 1629 2526 cum
1664 2465 1986 2528 admodum
2016 2485 2209 2525 senex

287 2581 465 2635 esset,
495 2580 680 2645 negat
715 2587 782 2625 se
817 2585 1072 2643 unquam
1107 2564 1379 2633 sensisse,
1414 2575 1783 2638 senectutem
1818 2583 1986 2622 snam
2022 2561 2207 2622 imbo-

289 2665 582 2722 cilliorem
612 2663 854 2730 factam,
877 2681 1058 2738 quam
1087 2659 1485 2718 adolescentia
1510 2658 1738 2716 fuisset.
1820 2658 1961 2736 Ego
1984 2657 2057 2716 L.
2076 2657 2208 2715 Me-

285 2762 496 2819 tellum
539 2759 786 2818 memini
819 2777 974 2836 puer
1007 2756 1134 2833 (qui
1169 2775 1308 2813 oum
1350 2753 1743 2832 quadriennio
1784 2767 1915 2832 post
1956 2754 2208 2811 alterum

286 2857 658 2914 consulatum
689 2852 960 2932 pontifex
989 2851 1283 2909 maximus
1308 2850 1501 2908 factus
1528 2862 1708 2920 esset,
1732 2847 1941 2926 viginti
1968 2861 2031 2908 et
2054 2847 2206 2905 duos

287 2971 472 3008 annos
493 2950 552 3008 ei
576 2948 910 3008 sacerdotio
927 2947 1216 3026 praefuit).
1229 2947 1315 3006 ita
1334 2947 1503 3006 bonis
1530 2967 1665 3006 esse
1686 2945 1911 3004 viribus
1934 2958 2205 3025 extremo

286 3059 566 3124 tempore
597 3045 810 3113 aetatis,
845 3058 911 3102 ut
947 3043 1410 3102 adolescentiam
1449 3062 1567 3101 non
1608 3041 1953 3120 requireret.
2035 3039 2205 3099 Nihil

289 3163 546 3201 necesse
573 3156 666 3200 est
697 3143 838 3200 mihi
865 3141 940 3198 de
961 3161 1058 3200 me
1081 3140 1214 3218 ipso
1233 3140 1469 3198 diceret
1493 3149 1855 3216 quamquam
1886 3150 1974 3194 est
1993 3137 2053 3194 id
2076 3136 2203 3212 qui·

293 3238 434 3296 dem
463 3239 676 3308 senile,
708 3237 986 3313 aetatique
1012 3249 1228 3294 nostrae
1258 3235 1618 3294 conceditur.

361 3430 451 3488 ·X.
495 3435 590 3487 31.
617 3427 959 3496 Videtisne,
985 3440 1052 3485 ut
1078 3427 1238 3506 apud
1262 3427 1597 3484 Homerum
1624 3419 1948 3498 saepissime
1980 3417 2207 3474 Nestor

295 3525 372 3582 de
399 3525 719 3583 virtutibus
754 3523 874 3602 suis
903 3523 1232 3600 praedicet‘l
1315 3519 1584 3578 Tertiam
1618 3515 1777 3572 enim
1801 3513 1929 3590 jam
1964 3523 2205 3570 aetstem

295 3621 602 3707 hominurn
631 3619 904 3688 vivebat3
949 3637 1062 3675 nec
1099 3629 1226 3674 erat
1260 3615 1317 3672 ei
1346 3610 1691 3676 verendum,
1720 3625 1811 3674 ne,
1825 3625 1963 3664 vera
1989 3605 2203 3684 praedi-

293 3735 430 3775 cans
454 3715 534 3772 de
559 3734 650 3782 se,
670 3711 842 3770 nimis
865 3709 1164 3769 videretur
1194 3720 1297 3768 aut
1323 3701 1603 3770 insolens,
1624 3712 1727 3758 aut
1746 3700 1983 3778 loquax.
2056 3701 2202 3762 Ete-
