2492 4392
417 376 494 434 18
868 387 940 431 Μ.
971 390 1032 431 r.
1065 388 1391 431 mennoms
1426 388 1589 430 caro
1625 386 1853 437 masos,

412 524 597 590 soleo,
629 520 1084 596 conviviumque
1123 518 1453 577 vicinorum
1498 516 1757 594 quotidie
1799 513 2105 593 comple03
2149 517 2325 593 quod

414 616 489 677 ad
526 616 768 672 multam
807 626 1063 681 noctem,
1099 632 1277 689 quam
1316 611 1579 669 maxime
1620 630 1954 689 possumne,
1986 610 2153 667 vario
2180 631 2323 669 ser-

413 728 588 767 mone
608 708 1180 787 producimus.--4'7.
1213 708 1300 765 At
1320 726 1437 765 non
1458 712 1545 763 est
1562 706 1935 782 voluptatum
1954 716 2121 763 tanta
2140 706 2324 783 quasi

412 804 670 861 titillatio
703 802 766 860 in
798 801 1373 861 senibus.--Credo:
1414 801 1521 859 sed
1552 820 1631 859 ne
1658 800 2019 859 desideratio
2046 800 2321 875 quidem.

415 898 582 957 Nihil
625 909 821 955 autem
857 898 1196 966 molestum,
1231 895 1390 973 quod
1430 916 1549 953 non
1591 894 1910 953 desideres,
1990 895 2163 953 Bene
2206 894 2321 953 So·

375 1018 389 1041 x
412 993 670 1071 phocles;
707 1012 842 1049 cum
884 1010 962 1049 ex
1002 1010 1074 1049 eo
1107 990 1345 1067 quidam
1376 991 1505 1068 jam
1548 990 1753 1047 affecto
1791 1000 1966 1047 aetate
1998 1003 2319 1065 quaereret,

413 1099 753 1147 utereturne
786 1087 962 1145 rebus
989 1085 1297 1145 venereis:
1342 1086 1455 1144 Dii
1481 1084 1721 1143 meliora
1740 1087 1768 1142 J
1810 1084 2034 1161 inquit:
2076 1084 2321 1142 libenter

411 1200 542 1241 vero
567 1183 752 1249 istim,
772 1182 918 1239 sicut
944 1202 984 1239 a
1013 1181 1238 1239 domino
1266 1182 1485 1256 agresti
1508 1200 1578 1238 ac
1588 1180 1827 1263 furio-fo
1844 1179 2105 1257 profugi.
2190 1179 2317 1239 Cu-

412 1276 572 1355 pidis
613 1276 770 1342 enim
809 1295 1010 1333 rerum
1049 1276 1275 1345 talium,
1310 1274 1583 1333 odiosum
1614 1273 1859 1337 fortasse
1890 1286 1952 1331 et
1990 1275 2317 1333 molestum

414 1384 502 1428 est
530 1390 768 1441 carere;
801 1370 1030 1427 *satiatis
1055 1390 1214 1438 vern,
1235 1382 1299 1427 et
1322 1369 1599 1447 expletis,
1618 1362 1943 1446 jucundius
1970 1382 2062 1425 est
2088 1389 2315 1439 carere,

415 1482 594 1542 quam
627 1463 760 1521 frui.
841 1464 1228 1539 Quamquam
1254 1482 1377 1521 non
1404 1474 1567 1522 caret
1592 1463 1661 1532 is,
1690 1461 1792 1538 qui
1825 1480 1943 1520 non
1971 1462 2276 1521 desiderat
2294 1486 2313 1522 z

415 1578 530 1635 ego
571 1579 690 1616 non
732 1559 1070 1616 desiderare
1113 1558 1246 1615 dico
1265 1578 1417 1636 ⁵esse
1454 1556 1796 1635 jucundius.
1894 1562 1993 1615 48.
2033 1557 2221 1629 Quod
2264 1557 2317 1616 si

415 1649 540 1707 istis
567 1650 708 1727 ipsis
726 1650 1124 1729 voluptatibus
1145 1651 1305 1709 bons.
1330 1663 1471 1709 aetas
1494 1650 1709 1709 fruitur
1734 1650 2033 1721 libentius,
2052 1651 2315 1730 primum

415 1744 674 1822 parvulis
719 1744 933 1803 fruitur
984 1746 1183 1814 rebus,
1227 1757 1293 1803 ut
1334 1744 1631 1804 diximus:
1690 1744 1907 1804 deinde
1955 1746 2046 1813 iis,
2095 1746 2313 1823 quibus
2390 1801 2395 1805 .

417 1851 707 1907 senectus,
743 1840 793 1896 si
823 1859 940 1897 non
983 1839 1216 1898 abunde
1250 1839 1490 1918 potitur,
1524 1860 1645 1897 non
1684 1840 1925 1897 omnino
1966 1853 2143 1902 caret.
2224 1840 2315 1899 Ut

420 1932 724 2011 Turpione
755 1928 1037 1993 Ambivio
1069 1934 1259 2011 magis
1292 1934 1641 2003 delectatur,
1666 1934 1769 2010 qui
1800 1933 1861 1992 in
1894 1935 2087 2012 prima
2126 1956 2315 1995 cavea

417 2040 660 2103 spectat,
691 2028 1022 2087 delectatur
1061 2041 1263 2097 tamen
1306 2028 1505 2098 etiam,
1535 2030 1639 2107 qui
1670 2029 1730 2087 in
1764 2029 2010 2111 ultima:
2050 2030 2139 2089 sic
2174 2030 2313 2104 adox-

417 2121 714 2189 lescentioe,
745 2124 1074 2200 voluptates
1105 2136 1355 2201 propter
1384 2123 1636 2193 intuens,
1664 2124 1853 2200 magis
1880 2124 2125 2183 fortasse
2150 2126 2311 2183 loeta-

417 2228 549 2285 tur;
593 2217 700 2275 sed
735 2217 1066 2276 delectatur
1099 2219 1281 2277 etiam
1322 2232 1622 2287 senectus,
1651 2220 1859 2295 procul
1892 2240 1996 2279 eas
2036 2233 2311 2297 spectans

417 2322 662 2381 tantum,
679 2326 964 2391 quantum
991 2326 1082 2370 sat
1101 2326 1211 2372 est.
1294 2318 1387 2371 49.
1422 2314 1505 2369 At
1524 2312 1627 2369 illa
1648 2313 1855 2389 quanti
1874 2326 2030 2383 sunt,
2048 2314 2312 2373 animum

417 2417 717 2482 tamquam
750 2407 1008 2463 emeritis
1042 2406 1351 2484 stipendiis
1385 2405 1667 2475 libidinis,
1698 2408 2046 2477 ambitioniS,
2076 2422 2309 2470 conten-

417 2498 608 2569 tionis,
651 2500 1109 2569 inimicitiarum,
1151 2502 1540 2579 cupiditatum
1594 2503 1875 2572 omnium,
1924 2523 2125 2563 secum
2180 2525 2309 2564 esse

417 2614 734 2671 secumque
782 2598 873 2673 (ut
919 2596 1156 2673 dicitur)
1205 2597 1437 2657 vivere!
1544 2596 1611 2655 Si
1658 2617 1801 2655 vero
1845 2598 2026 2657 habet
2070 2600 2311 2678 aliquod

416 2700 714 2766 tamquam
746 2691 1034 2768 pabulum
1073 2690 1253 2749 studii
1286 2704 1459 2767 atque
1494 2691 1793 2761 doctrinae,
1821 2693 1969 2750 nihil
2002 2706 2093 2751 est
2126 2694 2310 2753 otiosa

418 2797 720 2843 senectute
753 2786 1090 2862 jucundius.
1223 2786 1380 2845 Mori
1413 2806 1585 2865 paene
1626 2787 1977 2847 videbamus
2016 2789 2079 2847 in
2120 2789 2309 2848 studio
2362 2815 2373 2824 ·

419 2878 762 2939 dimetiendi
790 2880 924 2938 coeli
959 2894 1138 2966 atque
1169 2894 1343 2940 terrae
1372 2883 1443 2940 C.
1462 2883 1719 2953 Gallum,
1747 2883 2097 2941 familiarem
2130 2885 2309 2961 patris

419 2973 522 3041 tui,
553 2974 787 3052 Scipio!
871 2978 1128 3047 Quoties
1162 2978 1331 3035 illum
1362 2980 1487 3047 lux,
1518 2992 1693 3037 noctu
1726 2979 1949 3055 aliquid
1976 2978 2307 3039 describere

419 3068 768 3143 ingressum,
801 3072 1028 3147 quoties
1074 3093 1196 3131 nox
1245 3073 1553 3150 oppressit,
1589 3094 1727 3131 cum
1776 3093 1949 3132 mane
1998 3074 2305 3151 coepisset!

421 3183 596 3239 quam
617 3164 953 3224 delectabat
973 3188 1113 3225 eum
1135 3166 1498 3225 defectiones
1518 3167 1661 3225 solis
1683 3180 1742 3224 et
1760 3169 1915 3225 lunas
1937 3168 2123 3226 multo
2144 3169 2307 3228 nobis

421 3272 558 3317 ante
579 3258 936 3338 praedicere!
1014 3266 1108 3319 50.
1138 3260 1304 3331 Quid
1326 3262 1385 3318 in
1407 3260 1727 3318 levioribus
1746 3261 1975 3329 studiis,
1992 3262 2097 3319 sed
2116 3277 2308 3323 tamen

423 3354 651 3413 acutis?
695 3376 872 3432 quam
899 3356 1197 3433 gaudebat
1224 3356 1382 3413 bello
1412 3374 1521 3413 suo
1549 3354 1781 3413 Punico
1808 3355 2093 3416 Naevius!
2138 3379 2308 3435 quam

425 3448 786 3508 Truculento
807 3452 1090 3509 Plautus!
1135 3469 1313 3527 quam
1330 3444 1667 3507 Pseudolo!
1738 3449 1885 3507 Vidi
1902 3451 2083 3509 etiam
2112 3472 2307 3511 senem

424 3543 662 3603 Livium
687 3560 714 3603 ε’
745 3533 1013 3622 qui‚cum
1054 3562 1164 3603 sex
1199 3544 1368 3603 annis
1424 3556 1561 3605 ante
1591 3566 1771 3623 quam
1806 3566 1921 3623 ego
1954 3559 2127 3605 natus
2182 3532 2306 3607 sum

421 3639 685 3699 fabulam
703 3640 1307 3711 docuisset,Centone
1322 3638 1741 3717 Tuditanoque
1760 3641 2117 3711 consulibus,
2128 3654 2307 3720 nsque

423 3734 496 3791 ed
527 3734 983 3794 adolescentiam
1011 3728 1206 3795 meam
1234 3736 1527 3813 precessit
1550 3748 1749 3797 mtete.
1827 3734 1999 3806 Quid
2024 3736 2105 3797 de
2125 3736 2198 3796 P.
2216 3737 2309 3799 Li·
