2492 4392
668 341 812 387 ειη
845 341 932 384 nn
967 341 1585 388 nascerere-car.
1617 345 1732 389 ιιι.
1912 287 1933 323 ⁸
2078 335 2157 395 15

229 473 444 542 etatis,
474 472 528 532 si
557 471 806 550 quidem
833 473 900 531 id
927 474 1123 534 aufert
1147 475 1337 545 nobis,
1354 475 1519 553 quod
1546 488 1639 536 est
1666 476 1727 536 in
1756 477 2159 540 adolescentia

228 569 709 627 vitiosissimum!
795 569 1080 648 Accipite
1109 570 1289 640 enim,
1310 571 1521 650 optimi
1548 573 1973 646 adolescentes,
1994 591 2157 636 vete-

229 683 360 722 rem
415 664 754 722 orationem
789 665 1076 742 Archyta
1115 666 1443 738 Tarentini,
1478 669 1681 746 magni
1726 669 1789 726 in
1834 670 2045 748 primis
2092 686 2157 732 et

227 759 510 838 praeclari
539 759 674 828 viri,
700 781 834 836 quae
861 760 1008 818 mihi
1033 761 1248 820 tradita
1272 775 1385 832 est,
1412 783 1552 820 cum
1578 783 1773 822 essem
1806 765 2153 827 adolescens

232 854 492 912 Tarenti
523 870 667 913 cum
697 855 778 927 Q.
796 855 1089 916 Maxim0.
1171 857 1417 916 Nullam
1456 859 1863 938 capitaliorem
1896 875 2148 942 pestem,

229 973 417 1030 quam
465 953 736 1062 corporis
779 940 1168 1032 voluptatem,
1203 954 1545 1014 hominibus
1584 956 1823 1016 dicebat
1862 977 1895 1015 a
1938 972 2149 1018 natura

231 1048 466 1108 datam:
505 1050 682 1127 cujus
697 1049 1019 1128 voluptatis
1043 1049 1233 1108 avidae
1251 1049 1531 1110 libidines
1546 1065 1769 1110 temere
1789 1065 1851 1110 et
1864 1053 2148 1112 effrenate

232 1143 309 1202 ad
333 1144 696 1222 potiundam
717 1145 1123 1203 incitarentur.
1205 1149 1302 1202 40.
1341 1145 1503 1204 Hinc
1530 1146 1737 1224 patriae
1762 1147 2147 1225 proditiones,

231 1239 374 1297 hinc
395 1240 978 1318 rerumpublicarum
999 1239 1359 1311 eversiones,
1380 1240 1518 1298 hinc
1542 1261 1679 1300 cum
1696 1241 1963 1302 hostibus
1990 1245 2149 1302 clan-

231 1335 468 1394 destina
512 1335 811 1413 colloquia
849 1336 1014 1394 nasci
1033 1359 1047 1407 3
1103 1337 1331 1394 nullum
1372 1336 1628 1414 denique
1668 1338 1883 1408 scelus,
1919 1341 2147 1414 nullum

231 1434 458 1490 malum
505 1431 735 1490 facinus
783 1451 936 1501 esse,
973 1431 1052 1490 ad
1095 1429 1258 1508 quod
1306 1431 1749 1511 suscipiendum
1797 1453 1915 1492 non
1960 1435 2149 1494 libido

230 1529 557 1608 voluptatis
590 1527 964 1607 impelleret;
1007 1539 1214 1606 stupra
1247 1547 1411 1596 vero,
1445 1539 1505 1586 et
1538 1527 1843 1598 adulteria,
1876 1543 1939 1588 et
1970 1549 2147 1590 omne

231 1626 352 1682 tale
377 1624 691 1702 flagitium,
707 1624 884 1682 nullis
913 1623 1159 1682 excitari
1189 1622 1319 1681 aliis
1346 1623 1663 1694 illecebris,
1682 1625 1795 1682 nisi
1812 1626 2145 1705 voluptatis.

232 1721 517 1798 Cumque
552 1718 778 1778 homini
820 1719 946 1778 sive
987 1733 1220 1789 natura,
1256 1719 1381 1777 sive
1412 1719 1545 1796 quis
1578 1719 1727 1780 deus
1766 1719 1914 1778 nihil
1950 1733 2149 1779 mente

233 1816 634 1896 praestabilius
669 1815 970 1886 dedissem
1017 1815 1156 1874 huic
1191 1814 1395 1872 divino
1434 1816 1669 1874 muneri
1702 1835 1771 1874 ac
1804 1816 1963 1874 dono
2004 1816 2149 1874 nihil

232 1933 368 1971 esse
415 1925 541 1970 tam
581 1912 914 1989 inimicum,
948 1931 1128 1989 quam
1171 1912 1559 1989 voluptatem.
1660 1915 1758 1968 41.
1802 1911 1939 1970 Nec
1988 1910 2149 1968 enim

231 2010 482 2068 libidine
501 2009 842 2068 dominante
859 2009 1268 2086 temperantias
1285 2009 1487 2066 locum
1508 2026 1637 2064 esse
1648 2029 1663 2077 ;
1695 2025 1892 2083 neque
1910 2006 2151 2064 omnino

231 2105 296 2164 in
324 2105 644 2184 voluptatis
667 2125 861 2182 regno
889 2105 1164 2162 virtutem
1193 2123 1377 2182 posse
1407 2101 1746 2160 consistere.
1828 2100 2013 2172 Quod
2034 2121 2151 2178 quo

232 2203 424 2280 magis
450 2201 708 2279 intelligi
736 2211 958 2280 posset,
985 2200 1212 2278 fingere
1248 2198 1447 2258 animo
1470 2195 1727 2276 jubebat
1753 2209 1919 2256 tanta
1944 2197 2149 2256 incita-

232 2309 364 2354 tum
412 2295 671 2374 aliquem
724 2295 1020 2372 voluptate
1067 2292 1355 2371 corporis,
1401 2301 1625 2369 quanta
1670 2291 1901 2370 percipi
1946 2305 2151 2370 posset

231 2391 530 2449 maxima:
573 2389 802 2448 nemini
823 2390 1106 2447 censebat
1125 2388 1255 2446 fore
1278 2387 1547 2456 dubium,
1566 2387 1711 2464 quin
1738 2385 1985 2457 tamdiu,
2004 2387 2149 2446 dum

229 2479 316 2546 ita
343 2487 654 2566 gauderet,
683 2485 830 2544 nihil
859 2485 1084 2563 agitare
1111 2497 1335 2552 mente,
1365 2482 1509 2540 nihil
1537 2483 1783 2551 ratione,
1812 2484 1954 2542 nihil
1982 2483 2146 2561 cogi-

231 2584 459 2643 tatione
489 2582 767 2659 consequi
791 2593 1006 2660 posset.
1088 2578 1395 2652 Quocirca
1420 2577 1565 2636 nihil
1586 2597 1721 2636 esse
1748 2591 1867 2638 tam
1890 2579 2143 2638 detesta-

229 2679 638 2756 bile,tamque
668 2677 1032 2758 pestiferum,
1053 2695 1228 2754 quam
1250 2677 1655 2755 voluptatem:
1700 2675 1749 2734 si
1778 2677 2021 2754 quidem
2050 2695 2143 2744 ea,

232 2795 370 2834 cum
397 2776 592 2854 major
657 2787 778 2832 sset
805 2787 981 2850 atque
1007 2773 1259 2850 longior,
1285 2791 1459 2830 omne
1490 2771 1671 2830 animi
1693 2773 1896 2830 lumen
1926 2772 2143 2830 exstin-

231 2884 463 2950 gueret.
545 2871 608 2928 H
669 2891 702 2928 c
731 2868 969 2927 cumC.
979 2867 1212 2930 Pontio
1227 2867 1531 2960 ,Sqrnnite
1559 2879 1731 2946 patre
1764 2868 1910 2946 ejus,
1940 2887 1975 2924 a
2000 2887 2153 2946 que,

232 2967 510 3026 Caudino
537 2966 767 3045 proelio,
799 2965 901 3043 Sp.
921 2964 1287 3062 Postumius,
1314 2953 1386 3022 Τ.
1398 2963 1709 3032 veturiae,
1730 2965 2023 3032 consules,
2046 2985 2139 3022 su-

230 3063 426 3142 perati
450 3063 890 3169 suntffllocutum
899 3053 1246 3137 Archytam,
1233 3095 1259 3158 1
1238 3029 1585 3118 Nearchus
1604 3059 1983 3129 TarentinuS,
2006 3060 2140 3118 hos-

230 3179 340 3238 pes
381 3173 605 3226 noster,
643 3178 744 3234 qm
777 3177 838 3214 m
881 3144 1140 3214 amicitia
1178 3155 1389 3234 populi
1424 3154 1679 3213 Romani
1715 3167 2175 3233 permanserat„

230 3277 294 3314 se
340 3277 375 3314 a
418 3254 744 3334 majoribus
790 3259 931 3324 natu
976 3253 1276 3344 accepisse
1320 3252 1573 3322 dicebat,
1610 3273 1747 3310 cum
1792 3253 2037 3329 quidem
2082 3253 2141 3310 ei

231 3353 496 3412 sermoni
531 3349 894 3408 interfuisset
929 3348 1104 3407 Plato
1141 3345 1558 3407 Atheniensis:
1603 3369 1779 3425 quem
1811 3347 2141 3404 Tarentum

228 3447 481 3517 venisse,
519 3447 596 3504 L.
627 3445 898 3515 Camillo,
939 3443 1141 3524 Appio
1183 3443 1457 3511 Claudio,
1490 3442 1851 3509 consulibus,
1884 3441 2139 3516 reperio.

231 3547 324 3601 42.
361 3543 643 3614 Quorsus
663 3523 826 3598 haec‘l
898 3540 983 3598 Ut
1005 3539 1365 3617 intelligatis,
1382 3539 1431 3595 si
1448 3537 1809 3615 voluptatem
1834 3537 2142 3615 aspernari

229 3639 458 3697 ratione
508 3649 574 3696 et
623 3635 909 3714 sapientia
954 3655 1070 3694 non
1119 3652 1449 3713 possemus,
1492 3649 1767 3706 magnam
1810 3628 2142 3689 habendam

227 3733 530 3796 senectuti
575 3730 846 3810 gratiam,
882 3751 1014 3810 quae
1056 3728 1341 3797 effecerit,
1376 3738 1441 3785 ut
1472 3723 1533 3783 id
1564 3743 1685 3782 non
1715 3723 1946 3797 liberet,
1981 3725 2142 3806 quod
