2492 4392
343 357 481 434 2112
1001 364 1301 408 conflatu
1339 363 1604 406 Naro-ris

352 501 531 565 Bruti
561 499 630 558 L.
645 498 690 557 J
691 497 880 558 ulium
909 496 1238 567 Mocillam,
1266 494 1627 574 praetorium,
1655 503 1719 552 et
1744 491 1875 570 ejus
1902 491 2109 563 filium,
2138 494 2267 552 Au·

355 599 598 672 lumque
645 593 1030 670 Torquatum,
1077 603 1431 667 ceterosque
1480 588 1624 668 pari‘
1655 587 1891 645 fortuna
1936 589 2265 664 perculsos,

356 688 676 749 instituerit
707 686 884 756 tueri,
913 699 1090 763 atque
1119 706 1196 744 ex
1225 685 1419 762 Epiro
1442 684 1532 741 his
1568 681 1767 741 omnia
1794 681 2267 743 Samothraciam

345 782 699 863 ,supportari
717 781 980 861 jusserit.
1062 779 1328 838 Difficile
1362 791 1472 848 est,
1500 777 1701 836 omnia
1728 777 2027 855 persequi,
2054 789 2117 836 et
2150 797 2269 838 non

353 879 775 940 necessarium.
855 876 1012 936 Illud
1041 897 1223 936 unum
1253 875 1509 954 intellig-i
1532 875 1821 945 volumuS,
1844 874 1999 932 illius
2026 874 2267 933 liberal·

354 972 561 1032 itate'm
587 992 784 1050 neque
811 973 1251 1051 temporariam,
1274 991 1469 1049 neque
1498 969 1771 1029 callidam
1798 969 1998 1028 fuisse.
2081 970 2156 1028 Id
2186 991 2268 1029 ex

355 1069 500 1148 ipsis
527 1070 708 1127 rebus
731 1087 799 1126 ac
820 1069 1184 1146 temporibus
1203 1067 1466 1146 judicari
1486 1076 1702 1144 potest,
1726 1065 1888 1144 quod
1908 1085 2029 1124 non
2050 1067 2265 1124 floren-

355 1164 514 1224 tibus
562 1183 628 1222 se
674 1163 1013 1233 venditavit,
1060 1162 1166 1220 sed
1213 1161 1443 1220 afflictis
1492 1181 1729 1238 semper
1774 1161 2104 1221 succurrit:
2162 1162 2270 1238 qui

355 1257 600 1336 quidem
629 1257 964 1327 Serviliam,
987 1257 1162 1315 Bruti
1188 1271 1457 1326 matrem,
1480 1276 1597 1314 non
1626 1255 1822 1314 minus
1852 1269 1985 1339 post
2012 1269 2273 1318 mortem

350 1353 500 1431 ejuS,
521 1371 697 1429 quam
718 1353 988 1422 florente,
1010 1352 1275 1410 coluerit.
1354 1351 1457 1410 Sic
1480 1351 1835 1410 liberalitate
1864 1364 2039 1410 utens
2067 1353 2269 1410 nullas

353 1447 684 1506 inimicitias
712 1447 929 1524 gessit:
973 1446 1130 1523 quod
1151 1467 1345 1522 neque
1364 1446 1619 1505 laedebat
1644 1465 2024 1524 quemquam,
2046 1467 2269 1524 neque,

355 1543 408 1601 si
443 1562 622 1619 quam
657 1542 934 1620 injuriam
975 1556 1305 1620 acceperat,
1340 1543 1600 1601 malebat
1639 1541 1863 1612 ulcisci,
1892 1562 2072 1619 quam
2116 1543 2269 1608 obli·

354 1637 519 1715 visci.
601 1637 776 1694 Idem
797 1637 1115 1696 immortali
1137 1637 1423 1696 memoria
1450 1649 1739 1716 percepta
1763 1637 2061 1696 retinebat
2080 1637 2269 1698 bene·

353 1732 525 1804 ficia3
562 1753 696 1810 quae
723 1746 923 1791 autem
943 1733 1074 1812 ipse
1102 1732 1409 1802 tribuerat,
1432 1732 1657 1791 tamdiu
1682 1733 2047 1802 meminerat,
2068 1733 2273 1810 quoad

354 1826 458 1886 ille
493 1841 696 1905 gratus
731 1840 872 1896 erat,
902 1827 1006 1905 qui
1040 1839 1372 1906 acceperat.
1454 1827 1669 1905 Itaque
1702 1827 1801 1886 hic
1833 1827 1993 1898 fecit,
2020 1839 2087 1885 ut
2119 1849 2272 1888 vere

354 1922 577 1981 dictum
632 1921 943 1981 videatur:
975 1939 985 1944 ’
1015 1922 1132 1982 Sui
1181 1923 1384 1999 cuique
1440 1942 1620 1980 mores
1652 1921 1901 1998 fingunt
1929 1922 2271 2000 fortunam.

354 2016 574 2096 Neque
615 2030 817 2077 tamen
859 2017 1028 2096 prius
1070 2018 1170 2076 ille
1202 2017 1514 2087 fortunam,
1542 2037 1735 2094 quam
1774 2038 1840 2076 se
1872 2017 2020 2098 ipse,
2052 2017 2231 2078 finxit
2248 2041 2269 2080 z

357 2113 457 2190 qui
484 2112 656 2184 cavit,
683 2133 762 2172 ne
789 2133 908 2190 qua
934 2113 995 2190 in
1021 2131 1088 2170 re
1111 2112 1253 2190 jure
1279 2112 1661 2190 plecteretur.

433 2303 582 2362 XII.
624 2303 744 2361 His
771 2301 956 2381 igitur
981 2302 1160 2360 rebus
1189 2302 1405 2372 effecit,
1432 2313 1498 2360 ut
1518 2302 1943 2381 MsVipsanius
1965 2305 2269 2386 Agrippa,

357 2397 565 2455 intima
588 2397 988 2456 familiaritate
1023 2397 1373 2474 conjunctus
1409 2397 1771 2458 adolescenti
1800 2399 2269 2480 Caesari,‚quum

357 2502 603 2567 propter
630 2510 801 2548 suam
829 2492 1078 2568 gratiam
1107 2503 1168 2550 et
1187 2491 1445 2552 Caesaris
1466 2495 1793 2572 potentiam
1814 2496 2033 2554 nullius
2062 2497 2266 2572 condi·

353 2584 529 2644 tionis
561 2604 678 2642 non
707 2585 957 2644 haberet
989 2597 1369 2665 potestatem,
1398 2589 1773 2666 potissimum
1806 2591 1949 2668 ejus.
1967 2589 2269 2669 deligeret

356 2679 721 2750 affinitatem,
754 2693 1230 2759 praeoptaretque
1264 2683 1481 2760 equitis
1512 2685 1769 2744 Rotnani
1796 2685 1977 2743 filiam
2012 2707 2263 2762 genero-

355 2793 554 2832 sarum
595 2774 834 2853 nuptiis.
916 2777 1116 2853 Atque
1147 2776 1359 2835 harum
1392 2778 1735 2857 nuptiarum
1769 2780 2119 2838 conciliator
2148 2781 2265 2856 fuit

355 2871 498 2948 (non
519 2881 612 2928 est
638 2869 797 2940 enim
825 2870 1162 2948 celandum)
1183 2871 1266 2930 M.
1284 2873 1600 2944 Antonine,
1622 2873 1891 2932 triumvir
1908 2875 2263 2953 reipublicae

347 2967 816 3032 constituendas:
879 2968 1050 3046 cujus
1105 2970 1299 3047 gratia
1345 2990 1527 3046 quum
1580 2991 1805 3049 augere
1852 2971 2263 3049 possessiones

350 3075 553 3142 posset
585 3083 740 3132 suas,
771 3051 1000 3121 tantum
1035 3063 1222 3122 abfuit
1254 3085 1289 3122 a
1322 3065 1649 3143 cupiditate
1682 3067 1972 3144 pecuniae,
2002 3080 2067 3124 ut
2096 3070 2264 3128 nulla

351 3158 412 3216 in
447 3178 514 3216 re
547 3178 688 3216 usus
722 3158 798 3216 sit
825 3177 914 3228 ea,
942 3159 1056 3218 nisi
1091 3160 1150 3216 in
1187 3159 1581 3238 deprecandis
1616 3161 2079 3220 amicorum-aut
2104 3163 2261 3242 peri·

353 3255 520 3326 culiS,
551 3266 652 3314 aut
683 3255 1089 3319 incommodis.
1171 3255 1358 3327 Quod
1386 3255 1627 3332 quidem
1660 3257 1771 3316 sub
1798 3257 1931 3335 ipsa
1962 3258 2260 3338 proscrip-

353 3351 513 3410 tione
541 3351 878 3430 perillustre
906 3351 1033 3410 fuit.
1111 3350 1276 3408 Nam
1304 3370 1487 3427 quum
1518 3351 1589 3408 L.
1608 3351 1858 3421 Saufeii,
1888 3351 2104 3430 equitis
2134 3354 2258 3412 Ro·

335 3447 529 3517 mani,
561 3446 820 3525 aequalis
865 3445 976 3514 sui,
1023 3445 1126 3522 qui
1175 3445 1509 3522 complures
1558 3465 1767 3516 annos,
1800 3446 1997 3505 studio
2044 3447 2260 3522 ductus

349 3544 762 3622 philosophiae,
788 3541 1040 3601 Athenis
1073 3541 1392 3611 habitabat,
1418 3541 1795 3619 habebatque
1829 3542 1889 3600 in
1919 3542 2094 3600 Italia
2126 3563 2259 3622 pre-

335 3637 530 3704 tiosas
557 3637 980 3715 possessiones,
1006 3635 1301 3694 triumviri
1328 3636 1483 3694 bona
1509 3636 1913 3695 vendidissent
1946 3651 2259 3710 consuetu,-

339 3726 489 3794 ‚dine
537 3750 628 3800 ea,
671 3751 792 3808 qua
835 3742 965 3790 tum
1011 3750 1106 3790 res
1140 3731 1550 3808 gerebantura
1595 3727 1784 3792 Attici
1804 3732 2023 3808 ‘labore
2074 3744 2259 3812 atque
