2492 4392
334 354 421 415 ⁶4
880 368 951 413 u.
984 368 1045 411 τ.
1078 367 1410 411 emeamus
1447 367 1708 421 nauus,
1747 394 1752 399 .

332 511 622 571 narraret,
648 498 997 561 habuisset?
1096 498 1201 559 sio
1246 512 1462 559 natura
1505 499 1837 595 solitarium
1885 500 2035 561 nihil
2079 516 2263 577 amat,

335 617 701 677 semperque
736 595 813 655 ad
848 596 1093 673 aliquod
1126 608 1430 673 tamquam
1463 595 1898 655 adminiculum
1932 598 2221 659 annititur
2241 624 2260 663 ε

336 694 498 773 quod
525 693 587 752 in
616 692 975 751 amicissimo
1000 712 1237 770 quoque
1269 690 1676 751 dulcissimum
1705 704 1814 751 est.
1869 710 1964 727 “-
1993 666 2036 761 Ῐ
2052 662 2096 753 3

416 883 659 943 XXIV.
700 882 825 941 Sed
848 903 987 941 cum
1008 894 1095 943 tot
1120 883 1306 961 signis
1335 881 1548 941 eadem
1570 896 1782 942 natura
1803 883 2092 957 declaret,
2113 888 2264 964 quid

336 979 495 1048 velit,
516 979 805 1058 anquirat,
825 978 1143 1049 desideret,
1164 978 1646 1037 obsurdescimus
1667 991 1868 1039 tamen
1889 982 2092 1042 neseio
2113 1005 2260 1061 quo·

338 1075 553 1147 modo;
596 1095 710 1133 nee
738 1095 831 1145 ea,
852 1096 985 1152 quae
1016 1076 1090 1134 ab
1120 1094 1195 1133 ea
1220 1094 1556 1144 monemur,
1577 1074 1870 1134 audimus.
1952 1078 2068 1136 Est
2095 1081 2262 1138 enim

336 1171 535 1231 varius
563 1184 627 1230 et
654 1172 975 1253 multiplex
1001 1192 1141 1231 usus
1170 1170 1462 1240 amicitias,
1491 1173 1814 1249 multasque
1843 1192 2039 1233 causae
2065 1176 2261 1254 suspi-

340 1267 578 1327 cionum
622 1268 1129 1345 offensionumque
1168 1267 1415 1327 duntur:
1475 1287 1626 1345 quas
1669 1280 1797 1327 tum
1843 1269 2088 1339 evitare,
2131 1284 2261 1331 tum

341 1364 599 1433 elevare,
632 1377 760 1423 tum
801 1363 981 1435 ferre,
1018 1363 1306 1443 sapientis
1355 1375 1460 1422 est.
1551 1364 1694 1423 Una
1736 1364 1840 1422 illa
1886 1366 2264 1426 sublevanda

338 1458 587 1517 offensio
626 1471 733 1529 est,
768 1471 835 1517 ut
868 1471 927 1517 et
960 1458 1175 1517 veritas
1206 1458 1268 1516 in
1313 1458 1572 1518 amicitia
1611 1471 1672 1519 et
1705 1460 1854 1519 fides
1893 1462 2224 1521 retineatur
2241 1486 2260 1524 ε

338 1574 477 1611 nam
512 1566 573 1612 et
606 1552 891 1613 monendi
919 1553 1095 1613 amici
1126 1573 1292 1632 saepe
1325 1568 1478 1626 sunt,
1507 1566 1570 1614 et
1603 1556 1995 1635 objurgandi:
2039 1572 2102 1617 et
2128 1560 2264 1619 haee

342 1648 695 1729 accipienda
743 1650 949 1719 amice,
986 1669 1121 1709 cum
1164 1649 1458 1709 benevole
1501 1650 1664 1711 fiunt.
1745 1656 1840 1710 89.
1884 1652 2010 1711 Sed
2049 1655 2262 1715 nescio

338 1745 641 1824 quomodo
662 1766 874 1805 verum
894 1758 1004 1816 est,
1026 1746 1191 1824 quod
1212 1746 1274 1803 in
1299 1745 1534 1805 Andria
1551 1746 1862 1807 familiaris
1890 1768 2060 1809 meus
2081 1749 2258 1811 dicit:

442 1838 449 1846 ¹
650 1842 1001 1919 Obsequium
1032 1842 1269 1912 amicos,
1291 1843 1508 1901 veritas
1533 1843 1732 1903 odium
1755 1845 1946 1920 parit,

340 1937 602 1999 Molesta
627 1937 867 2008 veritas,
888 1936 941 1995 si
960 1936 1207 2015 quidem
1234 1956 1315 1996 ex
1341 1958 1416 1996 ea
1445 1938 1708 1997 nascitur
1735 1938 1958 2009 odium,
1981 1940 2143 2017 quod
2167 1955 2264 2001 est

338 2053 633 2095 venenum
662 2034 971 2106 amicitiae3
1016 2033 1125 2093 sed
1154 2034 1516 2112 obsequium
1542 2035 1730 2093 multo
1757 2036 2081 2107 molestius,
2099 2038 2260 2115 quod

338 2132 600 2209 peccatis
626 2130 943 2209 indulgens
968 2129 1339 2209 praecipitem
1367 2130 1626 2189 amicum
1651 2129 1798 2189 ferri
1823 2131 1977 2191 sinit.
2063 2133 2260 2193 Maxi-

338 2246 439 2285 ma
471 2239 669 2286 autem
703 2228 881 2306 eulpa
914 2226 977 2283 in
1012 2246 1103 2295 eo,
1132 2224 1235 2303 qui
1267 2237 1330 2283 et
1355 2224 1668 2285 veritatem
1705 2240 2072 2305 aspernatur,
2103 2243 2164 2289 et
2196 2230 2260 2289 in

338 2321 611 2381 fraudem
646 2322 937 2399 obsequio
970 2320 1314 2399 impellitur.
1367 2319 1580 2379 Omnis
1605 2322 1786 2400 igitur
1817 2323 1930 2383 hac
1965 2324 2026 2383 in
2059 2346 2128 2385 re
2155 2327 2258 2385 ha,-

340 2416 539 2475 benda
570 2417 723 2475 ratio
749 2429 813 2473 et
840 2414 1153 2493 diligentia
1184 2428 1314 2475 est:
1355 2416 1634 2495 primum,
1663 2431 1732 2476 ut
1759 2418 2006 2479 monitio
2034 2424 2260 2481 acerbi-

338 2522 481 2579 tate,
518 2509 739 2569 deinde
784 2511 1119 2589 objurgatio
1166 2513 1530 2572 contumelia
1576 2528 1811 2575 careat:
1869 2516 1932 2575 in
1971 2518 2262 2597 obsequio

342 2618 539 2665 autem
570 2604 875 2683 (quoniam
898 2604 1266 2666 Terentiano
1285 2608 1472 2667 verbo
1491 2610 1773 2669 lubenter
1800 2612 2048 2691 utimur)
2078 2616 2261 2674 comi-

340 2713 431 2761 tas
459 2701 641 2773 adsit;
679 2699 1020 2771 assentatiO,
1041 2701 1321 2761 vitiorum
1351 2704 1634 2783 adjutrix,
1657 2708 1868 2785 procul
1889 2723 2260 2782 amoveatur,

340 2818 475 2877 quoe
515 2817 635 2857 non
678 2795 857 2855 modo
898 2797 1103 2867 amico,
1140 2800 1247 2858 sed
1283 2820 1360 2857 ne
1393 2801 1586 2859 libero
1627 2802 1872 2879 quidem
1913 2804 2093 2885 digna
2133 2820 2260 2868 est:

340 2894 515 2952 aliter
547 2892 707 2951 enim
743 2914 879 2951 cum
914 2906 1183 2971 tyranne,
1222 2895 1396 2953 aliter
1437 2917 1574 2955 cum
1615 2899 1808 2959 arnico
1843 2900 2075 2960 vivitur.
2157 2908 2258 2965 90.

340 2989 532 3068 Cujus
558 3002 760 3049 autem
782 3009 959 3049 aures
982 2990 1217 3050 veritati
1240 2993 1456 3051 clausae
1476 3006 1632 3064 sunt,
1650 3006 1715 3053 ut
1736 2996 1812 3055 ab
1835 2998 2026 3056 amieo
2045 3018 2262 3061 verum

338 3085 547 3144 audire
582 3098 860 3163 nequeat,
894 3086 1073 3166 hujus
1106 3089 1268 3145 salus
1302 3086 1678 3167 desperanda
1711 3104 1816 3151 est.
1899 3092 2126 3152 Scitum
2167 3111 2265 3157 est

337 3182 497 3240 enim
520 3182 665 3241 illud
688 3182 952 3253 Catonia,
976 3195 1041 3241 ut
1068 3185 1292 3242 multa:
1338 3186 1599 3244 “Melius
1626 3187 1698 3245 de
1723 3189 2073 3265 quibusdam
2101 3211 2262 3251 acer-

336 3277 434 3337 bos
461 3275 722 3338 inimicos
748 3280 971 3350 mereri,
993 3300 1168 3355 quam
1196 3300 1286 3337 eos
1313 3283 1544 3351 amicos,
1567 3285 1669 3359 qui
1687 3284 1881 3343 dulces
1901 3286 2212 3347 videantur
2232 3313 2255 3349 .-

334 3374 469 3433 illos
500 3396 695 3438 verum
734 3395 882 3451 saepe
914 3375 1117 3446 dicere,
1148 3377 1253 3435 hos
1293 3382 1648 3456 nunquam.”
1731 3383 1932 3459 Atque
1965 3384 2114 3442 illud
2151 3387 2256 3445 ab·

334 3471 597 3541 surdum,
643 3471 800 3549 quod
845 3471 908 3542 ii,
954 3472 1057 3549 qui
1106 3486 1444 3544 monentur,
1489 3494 1625 3535 eam
1673 3478 2026 3549 molestiam,
2071 3500 2258 3556 quam

335 3566 553 3625 debent
600 3588 831 3645 capere,
867 3588 990 3627 non
1034 3569 1310 3647 capiunt3
1369 3590 1501 3629 eam
1551 3571 1817 3649 capiunt,
1864 3594 1984 3652 qua
2029 3574 2260 3637 debent

332 3681 564 3722 vacare.
646 3663 945 3723 Peccasse
980 3664 1144 3723 enim
1173 3685 1243 3723 ‘se
1276 3684 1398 3725 non
1427 3679 1757 3746 anguntur3
1800 3670 2102 3749 objurgari
2131 3692 2258 3732 mo·

332 3758 482 3817 leste
502 3759 733 3819 ferunt:
770 3759 933 3837 quod
958 3773 1162 3821 contra
1186 3763 1500 3843 oportebat
1519 3763 1742 3825 delicto
1764 3764 1988 3840 dolere,
2013 3788 2253 3829 correc-

333 3851 493 3913 tione
523 3854 804 3931 gaudere.
