2492 4392
718 365 1228 412 Armene—car.
1254 369 1409 422 111„
1429 367 1533 412 xx.
1968 347 2091 417 117

159 490 252 551 hic
284 505 618 554 contentus
653 497 866 556 ordine
899 499 1176 576 equestri,
1204 521 1327 578 quo
1358 513 1488 560 erat
1522 513 1707 573 ortus,
1734 502 1795 562 in
1840 503 2089 565 affinita-

157 599 268 645 tem
287 591 592 667 pervenit
621 592 1000 671 imperatoris
1028 593 1150 653 divi
1177 596 1317 654 filii:
1354 617 1533 674 quum
1554 599 1683 677 jam
1712 611 1849 658 ante
1869 601 2083 659 famili·

153 683 420 744 aritatem
443 689 595 766 ejus
618 702 782 748 esset
801 705 1156 750 consecutus
1172 693 1337 750 nulla
1354 693 1471 752 alia
1485 714 1571 764 re,
1590 713 1767 772 quam
1786 697 2085 775 elegantia

147 779 296 851 vitas,
317 802 448 858 qua
478 797 728 843 ceteros
757 799 1000 864 ceperat
1018 786 1319 866 principes
1336 785 1606 858 civitatis,
1626 789 1911 868 dignitate
1929 792 2079 871 pari,

143 871 384 934 fortuna
411 878 772 938 humiliore.
857 881 1049 940 Tanta
1075 882 1236 940 enim
1264 883 1631 962 prosperitas
1657 885 1959 946 Caesarem
1990 901 2082 946 est

141 985 494 1044 consecuta,
527 987 604 1032 ut
637 974 782 1032 nihil
810 975 868 1033 ei
891 995 1010 1035 non
1041 975 1311 1036 tribuerit
1336 977 1589 1050 fortuna,
1616 979 1777 1058 quod
1804 981 2081 1059 cuiquam

141 1079 278 1125 ante
313 1067 648 1140 detulerit,
677 1083 740 1128 et
773 1070 1118 1140 conciliarit,
1147 1072 1311 1150 quod
1340 1093 1521 1133 nemo
1556 1074 1745 1134 adhuc
1780 1077 1925 1135 civis
1954 1077 2073 1138 Ro-

137 1180 350 1221 manus
382 1165 599 1242 quivit
623 1165 922 1243 consequi.
1002 1166 1164 1226 Nata
1193 1179 1287 1226 est
1318 1181 1522 1227 autem
1549 1169 1751 1230 Attico
1777 1173 1972 1252 neptis
1998 1193 2081 1234 ex

137 1258 450 1338 Agrippa,
475 1261 584 1320 eui
604 1261 897 1340 virginem
917 1261 1099 1321 filiam
1125 1263 1458 1324 collocarat.
1539 1261 1717 1325 Hanc
1739 1265 1959 1338 Caesar,
1974 1268 2077 1329 vix

139 1354 525 1426 anniculam,
555 1356 810 1415 Tiberio
853 1356 1114 1415 Claudio
1153 1357 1406 1428 Neroni,
1442 1358 1712 1420 Drusilla
1756 1373 1913 1433 nato,
1956 1363 2077 1443 pri·

137 1447 320 1526 vigno
355 1470 509 1521 suo,
535 1451 884 1530 despondit:
926 1473 1060 1529 quae
1087 1454 1423 1532 conjunctio
1449 1456 1947 1518 necessitudinem
1972 1479 2077 1520 eo-

139 1561 272 1601 rum
298 1545 540 1617 sanxit,
565 1545 1028 1606 familiaritatem
1054 1547 1318 1609 reddidit
1342 1547 1829 1628 frequentiorem.

218 1737 373 1798 XX.
426 1739 728 1811 Quamvis
757 1750 890 1800 ante
916 1741 1044 1800 haec
1073 1742 1376 1820 sponsalia
1399 1761 1517 1802 uon
1552 1745 1761 1813 solum,
1788 1763 1969 1821 quum
1996 1745 2075 1804 ab

145 1834 296 1892 urbe
316 1836 586 1906 abesset,
603 1854 908 1913 nunquam
927 1835 998 1894 ad
1015 1855 1259 1895 suorum
1274 1858 1631 1916 quemquam
1648 1839 1874 1898 litteras
1895 1839 2075 1909 misit,

151 1929 292 2004 quin
329 1930 550 1989 Attico
583 1931 862 2002 mitteret,
888 1914 1028 2009 quid
1064 1945 1289 2010 ageret,
1316 1933 1628 2012 imprimis,
1656 1932 1799 2012 quid
1826 1935 2075 2010 legeret,

147 2025 500 2105 quibusque
549 2026 612 2083 in
660 2026 820 2096 locis,
855 2038 916 2084 et
961 2046 1140 2103 quam
1180 2026 1287 2084 diu
1336 2039 1495 2085 esset
1540 2039 1911 2086 moraturus:
1969 2027 2077 2087 sed

149 2119 356 2191 etiam,
388 2141 582 2198 quum
615 2133 774 2179 esset
800 2120 862 2178 in
888 2122 1052 2192 urbe,
1083 2133 1144 2180 et
1171 2133 1416 2200 propter
1448 2140 1583 2180 suas
1616 2119 1871 2178 infinitas
1906 2141 2079 2180 occu-

149 2215 439 2292 pationes
468 2216 666 2274 minus
695 2235 872 2295 saepe,
894 2237 1074 2294 quam
1093 2218 1297 2286 vellet,
1320 2215 1525 2274 Attico
1546 2213 1856 2286 frueretur,
1876 2216 2077 2276 nullus

156 2309 286 2370 dies
317 2305 560 2370 temere
593 2311 946 2382 intercessit,
972 2317 1092 2388 quo
1125 2331 1242 2370 non
1276 2311 1349 2370 ad
1384 2331 1523 2370 eum
1555 2310 1862 2381 scriberet,
1890 2331 2075 2390 quum

155 2406 340 2466 modo
387 2406 616 2484 aliquid
651 2406 729 2464 de
771 2407 1122 2485 antiquitate
1157 2407 1232 2464 ab
1266 2425 1341 2466 eo
1371 2405 1721 2484 requireret,
1750 2406 1927 2467 modo
1973 2407 2075 2466 ali-

161 2521 342 2577 quam
386 2502 446 2560 ei
489 2502 876 2580 quaestionem
916 2502 1213 2582 poeticam
1245 2515 1626 2582 proponeret,
1654 2501 1951 2564 interdum
1979 2503 2075 2584 jo-

161 2615 304 2656 cans
331 2599 466 2677 ejus
496 2597 866 2656 verbosiores
899 2598 1148 2656 eliceret
1181 2598 1480 2675 epistolas.
1561 2598 1664 2657 Ex
1691 2619 1807 2677 quo
1835 2599 2071 2670 accidit,

166 2713 346 2769 quum
362 2691 532 2752 aedes
558 2692 602 2750 J
603 2691 727 2752 ovis
753 2691 1033 2763 Feretrii,
1055 2693 1115 2750 in
1137 2691 1443 2771 Capitolio
1472 2693 1547 2751 ab
1567 2694 1828 2753 Romulo
1854 2696 2069 2753 consti·

161 2799 309 2861 tuta,
329 2801 628 2849 vetustate
653 2801 830 2866 atque
851 2787 1082 2847 incuria
1106 2787 1343 2847 detecta
1360 2788 1784 2867 prolaberetur,
1804 2801 1871 2848 ut
1886 2790 2073 2848 Attici

165 2884 474 2944 admonitu
511 2883 718 2942 Caesar
757 2888 890 2943 eam
930 2883 1317 2942 reficiendam
1351 2896 1601 2944 curaret.
1679 2884 1899 2964 Neque
1932 2905 2073 2945 vero

165 2981 240 3038 ab
269 2981 357 3038 M.
375 2978 648 3038 Antonio
688 2978 882 3038 minus
925 2979 1135 3038 absens
1174 2979 1385 3038 litteris
1424 2980 1762 3039 colebatur:
1806 2979 1981 3050 ade0,
2008 2993 2075 3040 ut

165 3087 448 3134 accurate
477 3074 580 3132 ille
609 3093 688 3131 ex
717 3073 938 3132 ultimis
966 3073 1156 3144 terris,
1186 3073 1329 3151 quid
1358 3085 1582 3152 ageret,
1606 3075 1749 3152 quid
1777 3095 1935 3135 curae
1960 3075 2075 3135 sibi

164 3171 430 3240 haberet,
457 3169 771 3228 certiorem
797 3167 1022 3227 faceret
1047 3169 1335 3228 Atticum.
1416 3167 1556 3228 Hoc
1585 3171 1761 3247 quale
1792 3170 1887 3240 sit,
1910 3170 2072 3228 facil-

167 3265 259 3324 ius
289 3263 658 3324 existimabit
685 3264 755 3334 is,
783 3264 886 3342 qui
902 3264 1180 3343 judicare
1206 3265 1441 3342 poterit,
1471 3280 1707 3343 quantae
1738 3265 1815 3324 sit
1841 3265 2074 3343 sapien'-

167 3359 283 3430 tiae,
317 3380 531 3419 eorum
569 3359 830 3418 retinere
870 3380 1044 3418 usum
1075 3359 1691 3438 benevolentiamque,
1726 3361 1887 3418 inter
1926 3363 2077 3436 quos

169 3457 565 3515 maximarum
607 3474 806 3513 rerum
845 3475 964 3513 non
1003 3457 1195 3514 solum
1235 3456 1557 3526 aemulatio,
1584 3455 1691 3514 sed
1726 3454 2081 3524 obtrectatio

171 3562 326 3612 tanta
367 3550 799 3621 intercedebat,
845 3564 1121 3628 quantam
1161 3551 1277 3610 fuit
1317 3549 1582 3608 incidere
1628 3567 1889 3609 necesse·
1922 3549 2079 3607 inter

177 3647 472 3707 Caesarem
494 3661 672 3724 atque
688 3647 1036 3717 Antonium,
1053 3665 1236 3724 quum
1254 3666 1319 3704 se
1337 3657 1589 3721 uterque
1606 3642 1937 3722 principem
1959 3647 2081 3703 noti

175 3745 356 3803 solum
384 3742 556 3803 urbis
577 3742 887 3812 Romanae,
911 3741 1018 3802 sed
1039 3741 1200 3800 orbis
1227 3753 1519 3798 terrarum
1546 3757 1675 3797 esse
1687 3752 1967 3819 ·cuperet.
2057 3785 2066 3792 .
