2492 4392
621 390 777 430 sun-2
818 391 914 431 nn
955 392 1560 435 numerurm-cn.
1586 394 1770 436 xxm.
2087 384 2163 440 31

249 514 429 583 velim,
458 518 632 594 quasi
664 520 948 579 decurso
983 521 1190 600 spati0,
1219 523 1295 581 ad
1323 544 1593 583 carceres
1623 545 1659 583 a
1686 526 1851 583 calce
1885 528 2169 586 revocari.

247 611 329 665 84.
363 610 532 681 Quid
568 614 740 671 enim
771 617 969 675 habet
1000 616 1124 675 vita
1156 617 1491 675 commodi'!
1533 619 1679 697 quid
1710 640 1825 677 non
1861 620 2055 699 potius
2088 622 2170 679 la-

243 702 432 764 boris?
516 707 654 766 Sed
683 710 925 769 habeat
959 731 1135 783 sane;
1178 713 1357 770 habet
1384 726 1547 771 certe
1575 727 1770 772 tamen
1799 728 1901 773 aut
1932 716 2167 774 satieta-

241 810 368 869 tem,
399 815 502 859 aut
533 804 826 864 modurn.
910 807 971 865 N
975 828 1053 865 on
1081 806 1225 865 libet
1260 807 1417 865 enim
1453 807 1595 866 mihi
1622 808 1935 887 deplorare
1968 811 2165 881 vitam,

237 895 386 971 quod
422 900 620 970 multi,
653 914 722 959 et
751 902 803 959 ii
834 902 1012 971 docti,
1045 922 1206 981 saepe
1239 902 1543 962 fecerunt:
1585 922 1781 980 neque
1816 924 1911 963 me
1945 905 2167 963 vixisse

235 992 500 1066 poenitet,
523 997 836 1071 quoniam
863 997 946 1055 ita
971 997 1112 1067 vixi,
1135 1011 1202 1055 ut
1229 1017 1349 1056 non
1366 998 1585 1057 frustra
1609 1018 1707 1056 me
1736 1012 1935 1057 natum
1966 1000 2165 1058 existi-

235 1103 422 1146 mem:
473 1102 538 1147 et
582 1111 671 1149 ex
707 1092 840 1151 vita
870 1093 954 1151 ita
985 1092 1247 1163 discede,
1282 1105 1580 1170 tamquam
1621 1114 1701 1151 ex
1735 1095 2013 1174 hospitio,
2046 1117 2167 1154 non

236 1192 534 1258 tamquam
580 1208 670 1245 ex
718 1188 923 1248 domo,
1005 1189 1432 1248 commorandi
1468 1191 1627 1249 enim
1667 1205 1876 1250 natura
1909 1190 2166 1252 diverso-

234 1274 384 1333 rium
409 1281 614 1351 nobis,
633 1304 769 1341 nou
789 1284 1096 1342 habitandi
1118 1284 1301 1343 dedit.
1372 1285 1439 1343 Ὀ
1459 1287 1811 1364 praeclarum
1835 1286 2011 1356 diem,
2030 1309 2166 1347 cum

237 1367 308 1425 ad
333 1370 484 1431 illud
509 1375 802 1436 divinum
837 1377 1166 1436 animorum
1194 1378 1509 1437 concilium
1538 1392 1877 1457 coetumque
1904 1382 2163 1459 proficis·

239 1483 350 1534 car,
380 1488 658 1547 cumque
691 1492 776 1532 ex
802 1475 912 1531 hac
945 1474 1120 1532 turba
1152 1487 1214 1531 et
1248 1474 1579 1533 colluvione
1607 1474 1947 1535 discedam!
1992 1478 2166 1555 profi-

239 1559 424 1620 ciscar
458 1567 639 1625 enim
677 1589 796 1626 non
831 1568 906 1626 ad
935 1566 1040 1626 e'os
1067 1570 1252 1627 solum
1280 1570 1457 1637 viros,
1487 1569 1563 1628 de
1591 1571 1805 1649 quibus
1834 1586 1969 1630 ante
1997 1572 2123 1630 dixi
2144 1596 2161 1645 ς

239 1671 446 1716 verum
493 1662 704 1721 etiam
745 1664 822 1723 ad
857 1665 1147 1723 Catonem
1192 1684 1411 1733 meum,
1448 1685 1567 1741 quo
1606 1686 1784 1725 nemo
1824 1667 1915 1725 vir
1956 1669 2166 1726 melior

239 1766 410 1812 natus
453 1770 572 1829 est,
609 1780 799 1820 nemo
829 1759 1048 1837 pietate
1081 1760 1488 1838 praestantior!
1542 1762 1711 1839 cujus
1746 1781 1781 1819 a
1811 1781 1911 1819 me
1950 1782 2165 1839 corpus

244 1864 588 1912 crematum
619 1867 714 1912 est
741 1854 926 1932 (quod
949 1868 1148 1913 contra
1167 1854 1375 1913 decuit
1402 1856 1475 1914 ab
1496 1854 1599 1912 illo
1626 1856 1856 1931 meum)
1880 1878 1895 1913 ε
1934 1856 2166 1913 animus

242 1960 388 2004 vero
417 1968 548 2007 non
578 1971 683 2008 me
710 1950 1009 2017 deserens,
1038 1948 1142 2007 sed
1168 1964 1533 2028 respectam,
1554 1950 1616 2006 in
1644 1969 1719 2006 ea
1743 1948 2011 2027 profecto
2036 1950 2169 2008 loca

247 2040 546 2118 discessit,
579 2069 704 2126 quo
731 2047 876 2106 mihi
903 2048 1020 2127 ipsi
1049 2049 1333 2107 cernebat
1361 2067 1493 2105 esse
1521 2046 1893 2103 veniendum.
1961 2046 2167 2117 Quem

248 2154 363 2215 ego
391 2160 606 2202 meum
636 2163 837 2202 casum
865 2141 1092 2200 fortiter
1115 2142 1273 2201 ferre
1302 2142 1465 2199 visus
1494 2159 1662 2199 sum:
1706 2160 1820 2198 non
1853 2161 1970 2217 quo
1996 2161 2168 2218 aequo

248 2236 452 2296 animo
488 2242 750 2310 ferrem3
801 2238 908 2297 sed
944 2258 1039 2295 me
1073 2238 1202 2317 ipse
1236 2236 1612 2305 consolabar,
1648 2235 2011 2303 existimans,
2046 2256 2168 2294 non

251 2328 652 2413 longinquum
671 2334 820 2391 inter
836 2354 940 2391 nos
958 2333 1289 2411 digressum
1306 2346 1369 2389 et
1384 2331 1707 2389 discessum
1726 2330 1866 2390 fore.
1930 2336 2024 2389 85.
2050 2331 2165 2391 His

250 2427 396 2485 mihi
425 2434 636 2499 rebuS,
659 2429 862 2508 Scipio
893 2429 975 2507 (id
1006 2429 1164 2486 enim
1191 2442 1252 2487 te
1280 2448 1414 2487 cum
1440 2428 1631 2487 Laelio
1660 2428 1938 2487 admirari
1966 2430 2165 2488 solere

255 2521 512 2607 dixisti),
546 2527 696 2584 levis
737 2539 829 2583 est
874 2538 1164 2593 senectuS‚
1199 2544 1312 2581 nec
1358 2525 1551 2583 solum
1591 2544 1708 2582 non
1754 2526 2022 2595 molesta,
2056 2525 2165 2583 sed

255 2619 438 2681 etiam
457 2621 753 2702 jucunda.
833 2620 1022 2691 Quod
1049 2620 1100 2677 si
1125 2619 1188 2676 in
1217 2620 1331 2676 hoc
1360 2640 1513 2689 erre,
1542 2618 1699 2696 quod
1728 2621 1952 2679 animos
1976 2620 2164 2677 homi-

256 2732 400 2775 num
445 2717 810 2775 immortales
859 2734 988 2773 esse
1036 2714 1301 2781 credam,
1334 2713 1588 2772 libenter
1634 2735 1801 2785 err03
1860 2736 1973 2773 nec
2016 2714 2165 2772 mihi

253 2808 416 2874 huuc
459 2832 741 2880 errorem,
775 2830 895 2888 quo
935 2809 1214 2876 delector,
1250 2809 1392 2867 dum
1432 2808 1583 2879 vivo,
1618 2810 1963 2887 extorqueri
1992 2811 2161 2867 velot

257 2905 347 2965 sin
389 2921 677 2976 mortuus,
711 2918 778 2964 ut
819 2904 1063 2981 quidam
1103 2904 1315 2962 minuti
1348 2903 1679 2982 philosophi
1721 2916 1981 2972 censent,
2016 2903 2165 2961 nihil

256 3004 526 3072 sentiam,
553 3022 676 3060 non
704 3020 936 3069 vereor,
964 3020 1042 3057 ne
1068 3000 1227 3056 hunc
1262 3019 1523 3057 errorem
1558 3020 1755 3057 meum
1792 2999 2005 3057 mortui
2034 2999 2163 3077 phi·

255 3094 494 3178 losephi
520 3097 818 3155 irrideant.
900 3094 1084 3166 Quod
1112 3095 1162 3152 si
1189 3115 1308 3152 non
1340 3115 1545 3153 sumus
1570 3096 1933 3153 immortales
1956 3095 2161 3165 futuri,

257 3206 456 3253 tamen
493 3190 792 3269 exstingui
817 3190 1041 3248 homini
1067 3210 1175 3247 suo
1207 3203 1478 3268 tempore
1515 3192 1781 3269 optabile
1812 3203 1917 3248 est.
1999 3189 2163 3246 Nam

253 3289 439 3349 habet
469 3303 704 3356 natura,
733 3298 798 3344 ut
829 3286 1076 3344 aliarum
1113 3284 1375 3343 omnium
1408 3304 1629 3353 rerum,
1660 3284 1744 3341 sic
1772 3282 2013 3342 vivendi
2040 3300 2162 3336 mo-

255 3387 421 3445 dum.
500 3386 799 3444 Senectus
841 3394 1036 3439 autem
1079 3381 1271 3439 aetatis
1312 3393 1402 3438 est
1434 3380 1716 3457 peracti0‚
1745 3390 2047 3448 tamquam
2081 3372 2164 3429 fa·

252 3483 446 3541 bulae:
493 3480 674 3559 cujus
716 3474 1194 3553 defatigationem
1235 3475 1447 3551 fugere
1490 3471 1799 3537 debemus,
1832 3466 2166 3544 praesertim

258 3578 534 3659 adjuncta
553 3572 842 3633 satietate.
909 3571 1060 3628 Haec
1076 3569 1277 3638 habui,
1296 3567 1375 3625 de
1394 3574 1701 3623 senectute
1719 3580 1851 3635 quae
1868 3558 2161 3626 dicerem3

253 3676 324 3737 ad
353 3693 536 3753 quam
574 3667 804 3727 utinam
831 3664 1228 3744 perveniatis!
1276 3674 1343 3719 ut
1376 3678 1465 3743 ea·
1494 3674 1627 3731 <1¹1ae
1662 3674 1741 3712 ΘΧ
1773 3674 1869 3713 me
1904 3652 2165 3723 audifltissn

248 3794 311 3834 re
339 3765 588 3849 experti
620 3760 876 3840 probare
903 3758 1150 3838 possitis.
