2492 4392
561 335 722 376 sws
764 337 866 382 nn
911 342 1539 386 sumamma—cst.
1566 343 1647 396 x„
1672 345 1761 388 11.
1957 285 1979 322 ’
2068 335 2145 392 13

189 484 354 524 annos
391 479 616 528 natus:
679 491 844 528 cum
895 473 1202 551 ingressus
1241 474 1355 532 iter
1391 474 1647 552 pedibus
1684 476 1777 546 sit,
1814 477 1875 534 in
1918 497 2145 556 equum

182 562 408 620 omnino
435 583 562 620 non
594 564 1048 640 adscendere3
1091 589 1228 628 cum
1257 590 1431 646 equo,
1460 591 1539 630 ex
1566 591 1723 648 equo
1750 593 1869 631 non
1898 573 2143 632 descen-

181 657 342 716 dere:
385 660 560 716 nullo
595 661 848 732 imbre,
881 666 1050 722 nullo
1083 663 1304 742 frigore
1338 665 1571 735 adduci,
1600 679 1667 724 ut
1698 667 1895 746 capite
1930 682 2141 746 operto

173 753 268 810 sit:
301 774 616 842 summam
647 779 804 816 esse
833 761 902 818 in
923 781 1000 818 eo
1027 761 1295 839 corporis
1322 761 1679 822 siccitatem:
1714 763 1917 841 itaque
1938 765 2141 824 omnia

172 851 414 927 exsequi
431 851 614 930 regis
641 853 878 914 officia
899 869 963 914 et
983 877 1250 914 munera.
1328 857 1541 916 Potest
1562 858 1747 936 igitur
1766 857 2135 930 exercituin,

169 958 226 1003 et
249 949 682 1026 temperantia
720 952 923 1010 etiam
955 953 1244 1012 senectuti
1278 973 1629 1012 conservare
1657 955 1880 1032 aliquid
1906 956 2137 1034 pristini

165 1042 407 1100 roboris.

242 1235 354 1294 XI.
401 1237 563 1297 Non
595 1255 764 1300 sunt
789 1242 856 1300 in
883 1253 1192 1301 senectute
1218 1242 1397 1301 vires.
1479 1241 1579 1302 Ne
1606 1245 1983 1322 postulantur
2008 1246 2133 1322 qui-

168 1327 300 1388 dem
319 1333 494 1392 vires
527 1355 570 1394 a
599 1350 954 1396 senectute.
1034 1339 1205 1416 Ergo
1233 1349 1295 1396 et
1316 1338 1551 1416 legibus
1580 1353 1641 1397 et
1660 1339 1943 1400 institutis
1963 1353 2136 1400 vacat

167 1438 304 1484 aetas
345 1443 570 1491 nostra
608 1435 984 1492 muneribus
1017 1434 1108 1505 iis,
1137 1455 1271 1512 quae
1306 1455 1425 1493 nou
1459 1447 1706 1513 possunt
1746 1435 1875 1494 siue
1911 1435 2135 1496 viribus

165 1524 474 1586 sustineri.
569 1531 810 1608 Itaque
843 1551 966 1589 non
999 1531 1196 1601 mode,
1223 1531 1385 1608 quod
1414 1551 1529 1590 non
1565 1551 1895 1610 possumus,
1924 1531 2031 1591 sed
2058 1551 2133 1590 ne

170 1635 470 1694 quantum
515 1646 866 1704 possumus
908 1627 1172 1704 quidem,
1207 1627 1501 1705 cogimur.
1592 1632 1691 1686 35.
1723 1629 1809 1686 At
1844 1629 1923 1686 its
1962 1628 2135 1688 multi

170 1729 309 1772 sunt
350 1719 680 1780 imbecilli
722 1743 919 1792 senes,
954 1735 1020 1780 ut
1059 1723 1285 1781 nullum
1330 1722 1525 1793 officii,
1565 1735 1669 1782 aut
1712 1723 1955 1783 omuino
1995 1723 2131 1782 vitae

173 1829 396 1872 munus
435 1818 724 1896 exsequi
750 1819 993 1897 possint.
1075 1821 1162 1876 At
1188 1818 1253 1876 id
1282 1815 1523 1896 quidem
1554 1839 1670 1877 uon
1699 1819 2009 1898 proprium
2043 1839 2131 1878 se·

173 1898 440 1975 nectuiis
467 1907 704 1976 vitium
732 1929 838 1986 est,
861 1916 970 1975 sed
997 1915 1311 1976 co'mmune
1338 1915 1709 1974 valetudinis.
1790 1916 1997 1986 Quam
2024 1913 2135 1972 fuit

179 2003 540 2070 imbecillus
582 2013 658 2072 P.
685 2011 960 2070 Africani
996 2012 1209 2084 filius,
1193 2033 1244 2071 is
1300 2013 1403 2090 qui
1451 2025 1513 2070 te
1559 2003 1895 2088 adoptavit!
1956 2029 2135 2086 quam

180 2102 370 2172 tenui,
405 2120 520 2164 aut
555 2107 728 2164 nulla
756 2105 951 2184 potius
979 2105 1351 2166 valetudine!
1398 2103 1563 2182 quod
1590 2103 1655 2162 ni
1684 2104 1769 2160 ita
1797 2102 2021 2172 fuisset,
2050 2104 2133 2160 sl-

185 2207 390 2256 terum
418 2201 590 2261 illud
619 2201 944 2260 exstitisset
968 2203 1166 2260 lumen
1197 2201 1483 2260 civitatis:
1528 2199 1602 2257 ad
1632 2211 1943 2278 paternam
1970 2197 2131 2256 enim

185 2297 690 2372 magnitudinem
732 2297 914 2356 animi
944 2297 1214 2356 doctrina
1247 2297 1487 2356 uberior
1527 2307 1877 2355 accesserat.
1960 2293 2133 2366 Quid

193 2389 422 2452 mirum
451 2395 645 2474 igitur
671 2393 734 2452 in
759 2381 1022 2464 senibus,
1053 2394 1102 2452 si
1126 2393 1347 2452 infirmi
1376 2404 1511 2452 sunt
1537 2391 1875 2478 aliquando,
1903 2411 2041 2450 cum
2068 2389 2133 2448 id

191 2505 272 2544 ne
309 2488 732 2550 adolescentes
759 2491 1006 2568 quidem
1041 2491 1309 2568 effugere
1336 2490 1603 2568 possint'i
1684 2489 2127 2558 Resistendum,

197 2580 360 2642 Laeli
390 2601 460 2646 et
491 2586 720 2665 Scipio,
745 2586 1036 2645 senectuti
1065 2599 1172 2654 est,
1197 2587 1445 2664 ejusque
1474 2585 1615 2654 vitia
1636 2585 1947 2664 diligentia
1972 2605 2127 2644 com-

199 2683 519 2756 pensanda
545 2689 713 2753 s'unt3
753 2682 1162 2762 pugnandum,
1181 2693 1480 2759 tamquam
1502 2695 1705 2740 contra
1726 2683 2019 2751 morbum,
2042 2683 2129 2740 sic

207 2793 412 2840 contra
439 2793 834 2839 senectutem.
917 2783 1011 2836 36.
1041 2777 1343 2836 Habenda
1368 2777 1521 2836 ratio
1542 2777 1923 2849 valetudinis;
1960 2791 2127 2836 uten-

207 2870 350 2933 dum
409 2874 940 2934 exercitationibus
995 2873 1278 2943 modicis3
1340 2886 1563 2932 tantum
1612 2873 1731 2932 cibi
1772 2885 1835 2932 et
1874 2873 2127 2953 potionis

207 2969 639 3040 adhibendum,
668 2983 737 3028 ut
761 2970 1104 3028 reficiantur
1131 2970 1308 3039 vires,
1330 2989 1450 3028 non
1480 2970 1909 3048 opprimantur.
1992 2969 2053 3028 N
2056 2991 2127 3028 ec

209 3083 352 3126 vero
375 3067 619 3146 corpori
643 3067 752 3124 soli
772 3065 1242 3126 subveniendum
1266 3078 1373 3134 est,
1392 3065 1503 3124 sed
1522 3066 1705 3124 menti
1729 3079 1906 3143 atque
1930 3065 2129 3124 animo
2174 3133 2191 3154 ·

169 3174 182 3190 ³
207 3166 397 3223 multo
420 3163 644 3240 magis:
678 3183 814 3220 nam
831 3163 960 3220 haec
977 3183 1232 3240 quoque,
1252 3161 1363 3219 nisi
1386 3175 1689 3240 tamquam
1704 3162 1910 3219 lumini
1929 3161 2131 3220 oleum

211 3256 479 3328 instilleS,
503 3259 960 3336 exstinguuntur
986 3271 1309 3318 senectute.
1384 3259 1471 3317 Et
1492 3279 1740 3336 corpora
1762 3257 2001 3335 quidem
2024 3279 2129 3315 ex-

211 3356 562 3414 ercitatione
583 3354 1027 3432 ingravescunt3
1063 3355 1244 3413 animi
1265 3368 1463 3412 autem
1486 3375 1551 3412 se
1574 3352 1915 3412 exercendo
1931 3354 2127 3408 levan-

212 3465 324 3512 tur.
406 3453 575 3511 Nam
618 3471 766 3528 quos
809 3452 888 3510 ait
931 3452 1226 3522 Caecilius,
1260 3452 1499 3510 comico-5
1536 3451 1739 3508 stultos
1777 3467 1929 3506 senes
1952 3469 1973 3502 .·
2018 3446 2129 3506 hos

213 3549 510 3630 significat
551 3547 838 3617 credulos,
877 3548 1210 3617 obliviosoe,
1246 3547 1602 3604 dissolutosz
1648 3561 1783 3618 quae
1814 3539 1957 3597 vitia
1996 3555 2131 3600 sunt

213 3667 328 3706 non
359 3641 712 3712 senectutis,
743 3643 850 3702 sed
877 3643 1096 3714 inertis,
1125 3644 1377 3720 ignavae,
1406 3638 1819 3699 somniculosae
1854 3650 2128 3698 senectu-

217 3743 299 3804 tis.
381 3743 475 3801 Ut
522 3739 874 3819 petulantia,
918 3752 984 3800 ut
1024 3739 1216 3798 libido
1261 3738 1455 3816 magis
1502 3747 1595 3796 est
1644 3733 2125 3808 adolescentium,
