<?xml version="1.0" encoding="UTF-8"?>
<!DOCTYPE html PUBLIC "-//W3C//DTD XHTML 1.0 Transitional//EN"
    "http://www.w3.org/TR/xhtml1/DTD/xhtml1-transitional.dtd">
<html xmlns="http://www.w3.org/1999/xhtml" xml:lang="en" lang="en">
 <head>
  <title>
</title>
<meta http-equiv="Content-Type" content="text/html;charset=utf-8" />
  <meta name='ocr-system' content='tesseract 3.04.00' />
  <meta name='ocr-capabilities' content='ocr_page ocr_carea ocr_par ocr_line ocrx_word'/>
</head>
<body>
  <div class='ocr_page' id='page_1' title='image "./desenectutedeam01anthgoog_0096.png"; bbox 0 0 2492 4392; ppageno 0'>
   <div class='ocr_carea' id='block_1_1' title="bbox 680 348 2130 416">
    <p class='ocr_par' dir='ltr' id='par_1_1' title="bbox 680 348 2130 416">
     <span class='ocr_line' id='line_1_1' title="bbox 680 348 2130 416; baseline 0.001 -12"><span class='ocrx_word' id='word_1_1' title='bbox 680 363 1103 416; x_wconf 69' lang='lat' dir='ltr'><strong>PAnAnoxon,</strong></span> <span class='ocrx_word' id='word_1_2' title='bbox 1130 362 1448 405; x_wconf 48' lang='lat' dir='ltr'><strong>ine-cst.</strong></span> <span class='ocrx_word' id='word_1_3' title='bbox 1475 363 1540 414; x_wconf 88' lang='lat'><strong>1.‚</strong></span> <span class='ocrx_word' id='word_1_4' title='bbox 1565 362 1632 404; x_wconf 87' lang='lat'><strong>11.</strong></span> <span class='ocrx_word' id='word_1_5' title='bbox 2049 348 2130 406; x_wconf 78' lang='lat'><strong>79</strong></span> 
     </span>
    </p>
   </div>
   <div class='ocr_carea' id='block_1_2' title="bbox 180 491 2198 2659">
    <p class='ocr_par' dir='ltr' id='par_1_2' title="bbox 180 491 2198 2659">
     <span class='ocr_line' id='line_1_2' title="bbox 193 491 2132 567; baseline 0.002 -17"><span class='ocrx_word' id='word_1_6' title='bbox 193 502 345 550; x_wconf 86' lang='lat' dir='ltr'><strong>certe</strong></span> <span class='ocrx_word' id='word_1_7' title='bbox 386 491 536 551; x_wconf 88' lang='lat' dir='ltr'><strong>licet</strong></span> <span class='ocrx_word' id='word_1_8' title='bbox 580 494 855 554; x_wconf 86' lang='lat' dir='ltr'><strong>nemini.</strong></span> <span class='ocrx_word' id='word_1_9' title='bbox 952 494 1138 567; x_wconf 82' lang='lat' dir='ltr'><strong>Quod</strong></span> <span class='ocrx_word' id='word_1_10' title='bbox 1172 505 1372 554; x_wconf 80' lang='lat' dir='ltr'><strong>sutem</strong></span> <span class='ocrx_word' id='word_1_11' title='bbox 1409 513 1530 554; x_wconf 81' lang='lat' dir='ltr'><strong>non</strong></span> <span class='ocrx_word' id='word_1_12' title='bbox 1562 493 1724 562; x_wconf 86' lang='lat' dir='ltr'><strong>licet,</strong></span> <span class='ocrx_word' id='word_1_13' title='bbox 1759 493 1824 552; x_wconf 86' lang='lat' dir='ltr'><strong>id</strong></span> <span class='ocrx_word' id='word_1_14' title='bbox 1853 494 1972 553; x_wconf 89' lang='lat' dir='ltr'><strong>hoc</strong></span> <span class='ocrx_word' id='word_1_15' title='bbox 2012 513 2132 554; x_wconf 86' lang='lat' dir='ltr'><strong>uno</strong></span> 
     </span>
     <span class='ocr_line' id='line_1_3' title="bbox 190 587 2132 668; baseline 0.004 -26"><span class='ocrx_word' id='word_1_16' title='bbox 190 597 435 654; x_wconf 81' lang='lat' dir='ltr'><strong>tenetur,</strong></span> <span class='ocrx_word' id='word_1_17' title='bbox 460 587 516 644; x_wconf 84' lang='lat' dir='ltr'><strong>si</strong></span> <span class='ocrx_word' id='word_1_18' title='bbox 539 591 845 665; x_wconf 80' lang='lat' dir='ltr'>arguitur</span> <span class='ocrx_word' id='word_1_19' title='bbox 868 611 988 647; x_wconf 86' lang='lat' dir='ltr'><strong>non</strong></span> <span class='ocrx_word' id='word_1_20' title='bbox 1010 591 1209 648; x_wconf 86' lang='lat' dir='ltr'><strong>licere.</strong></span> <span class='ocrx_word' id='word_1_21' title='bbox 1291 589 1363 646; x_wconf 89' lang='lat' dir='ltr'><strong>Id</strong></span> <span class='ocrx_word' id='word_1_22' title='bbox 1383 589 1434 647; x_wconf 86' lang='lat' dir='ltr'><strong>si</strong></span> <span class='ocrx_word' id='word_1_23' title='bbox 1454 608 1566 648; x_wconf 89' lang='lat' dir='ltr'><strong>nec</strong></span> <span class='ocrx_word' id='word_1_24' title='bbox 1584 591 1778 668; x_wconf 79' lang='lat' dir='ltr'><strong>majus</strong></span> <span class='ocrx_word' id='word_1_25' title='bbox 1800 609 1916 648; x_wconf 87' lang='lat' dir='ltr'><strong>nec</strong></span> <span class='ocrx_word' id='word_1_26' title='bbox 1935 589 2132 649; x_wconf 82' lang='lat' dir='ltr'><strong>minus</strong></span> 
     </span>
     <span class='ocr_line' id='line_1_4' title="bbox 188 682 2132 765; baseline 0.004 -28"><span class='ocrx_word' id='word_1_27' title='bbox 188 700 445 758; x_wconf 84' lang='lat' dir='ltr'><strong>unquam</strong></span> <span class='ocrx_word' id='word_1_28' title='bbox 485 682 628 740; x_wconf 81' lang='lat' dir='ltr'><strong>fieri</strong></span> <span class='ocrx_word' id='word_1_29' title='bbox 664 697 883 762; x_wconf 85' lang='lat' dir='ltr'><strong>potest</strong></span> <span class='ocrx_word' id='word_1_30' title='bbox 908 685 1215 765; x_wconf 81' lang='lat' dir='ltr'><strong>(quoniam</strong></span> <span class='ocrx_word' id='word_1_31' title='bbox 1248 684 1310 742; x_wconf 92' lang='lat' dir='ltr'><strong>in</strong></span> <span class='ocrx_word' id='word_1_32' title='bbox 1345 703 1418 744; x_wconf 85' lang='lat' dir='ltr'><strong>eo</strong></span> <span class='ocrx_word' id='word_1_33' title='bbox 1451 697 1542 744; x_wconf 83' lang='lat' dir='ltr'><strong>est</strong></span> <span class='ocrx_word' id='word_1_34' title='bbox 1575 697 1904 764; x_wconf 77' lang='lat' dir='ltr'><strong>peccatum,</strong></span> <span class='ocrx_word' id='word_1_35' title='bbox 1933 685 1984 743; x_wconf 89' lang='lat' dir='ltr'><strong>si</strong></span> <span class='ocrx_word' id='word_1_36' title='bbox 2010 705 2132 744; x_wconf 85' lang='lat' dir='ltr'><strong>non</strong></span> 
     </span>
     <span class='ocr_line' id='line_1_5' title="bbox 188 776 2134 860; baseline 0.005 -29"><span class='ocrx_word' id='word_1_37' title='bbox 188 776 349 832; x_wconf 88' lang='lat' dir='ltr'><strong>licuit</strong></span> <span class='ocrx_word' id='word_1_38' title='bbox 367 800 381 847; x_wconf 86' lang='lat'><em>3</em></span> <span class='ocrx_word' id='word_1_39' title='bbox 423 777 602 854; x_wconf 87' lang='lat' dir='ltr'><strong>quod</strong></span> <span class='ocrx_word' id='word_1_40' title='bbox 622 800 889 860; x_wconf 79' lang='lat' dir='ltr'><strong>semper</strong></span> <span class='ocrx_word' id='word_1_41' title='bbox 914 801 1100 839; x_wconf 88' lang='lat' dir='ltr'><strong>unum</strong></span> <span class='ocrx_word' id='word_1_42' title='bbox 1120 793 1181 838; x_wconf 91' lang='lat' dir='ltr'><strong>et</strong></span> <span class='ocrx_word' id='word_1_43' title='bbox 1201 780 1364 840; x_wconf 87' lang='lat' dir='ltr'><strong>idem</strong></span> <span class='ocrx_word' id='word_1_44' title='bbox 1391 779 1510 856; x_wconf 86' lang='lat' dir='ltr'><strong>est)</strong></span> <span class='ocrx_word' id='word_1_45' title='bbox 1533 801 1666 858; x_wconf 83' lang='lat' dir='ltr'><strong>quae</strong></span> <span class='ocrx_word' id='word_1_46' title='bbox 1689 801 1766 840; x_wconf 86' lang='lat' dir='ltr'><strong>ex</strong></span> <span class='ocrx_word' id='word_1_47' title='bbox 1787 801 1862 840; x_wconf 88' lang='lat' dir='ltr'><strong>eo</strong></span> <span class='ocrx_word' id='word_1_48' title='bbox 1881 794 2134 860; x_wconf 74' lang='lat' dir='ltr'><strong>peccata</strong></span> 
     </span>
     <span class='ocr_line' id='line_1_6' title="bbox 182 871 2131 952; baseline 0.004 -28"><span class='ocrx_word' id='word_1_49' title='bbox 182 882 528 940; x_wconf 76' lang='lat' dir='ltr'><strong>nascuntur,</strong></span> <span class='ocrx_word' id='word_1_50' title='bbox 576 873 857 950; x_wconf 79' lang='lat' dir='ltr'><strong>aequalia</strong></span> <span class='ocrx_word' id='word_1_51' title='bbox 908 874 1023 932; x_wconf 83' lang='lat' dir='ltr'><strong>sint</strong></span> <span class='ocrx_word' id='word_1_52' title='bbox 1070 885 1324 952; x_wconf 86' lang='lat' dir='ltr'><strong>oportet.</strong></span> <span class='ocrx_word' id='word_1_53' title='bbox 1425 877 1522 932; x_wconf 93' lang='grc'><strong>21.</strong></span> <span class='ocrx_word' id='word_1_54' title='bbox 1564 871 1752 945; x_wconf 81' lang='lat' dir='ltr'><strong>Quod</strong></span> <span class='ocrx_word' id='word_1_55' title='bbox 1789 871 1842 930; x_wconf 87' lang='lat' dir='ltr'><strong>si</strong></span> <span class='ocrx_word' id='word_1_56' title='bbox 1881 871 2131 932; x_wconf 78' lang='lat' dir='ltr'><strong>virtutes</strong></span> 
     </span>
     <span class='ocr_line' id='line_1_7' title="bbox 182 966 2130 1046; baseline 0.003 -26"><span class='ocrx_word' id='word_1_57' title='bbox 182 983 354 1040; x_wconf 80' lang='lat' dir='ltr'><strong>pares</strong></span> <span class='ocrx_word' id='word_1_58' title='bbox 405 979 561 1027; x_wconf 85' lang='lat' dir='ltr'><strong>sunt</strong></span> <span class='ocrx_word' id='word_1_59' title='bbox 602 968 779 1026; x_wconf 88' lang='lat' dir='ltr'><strong>inter</strong></span> <span class='ocrx_word' id='word_1_60' title='bbox 825 989 908 1037; x_wconf 87' lang='lat' dir='ltr'><strong>se,</strong></span> <span class='ocrx_word' id='word_1_61' title='bbox 943 968 1111 1046; x_wconf 79' lang='lat' dir='ltr'><strong>paria</strong></span> <span class='ocrx_word' id='word_1_62' title='bbox 1156 987 1288 1026; x_wconf 83' lang='lat' dir='ltr'><strong>esse</strong></span> <span class='ocrx_word' id='word_1_63' title='bbox 1329 966 1506 1026; x_wconf 80' lang='lat' dir='ltr'><strong>etiam</strong></span> <span class='ocrx_word' id='word_1_64' title='bbox 1550 967 1689 1026; x_wconf 74' lang='lat' dir='ltr'><strong>vitis</strong></span> <span class='ocrx_word' id='word_1_65' title='bbox 1733 987 1972 1026; x_wconf 83' lang='lat' dir='ltr'><strong>necesse</strong></span> <span class='ocrx_word' id='word_1_66' title='bbox 2021 979 2130 1026; x_wconf 76' lang='lat' dir='ltr'><strong>est.</strong></span> 
     </span>
     <span class='ocr_line' id='line_1_8' title="bbox 180 1058 2132 1140; baseline 0.004 -25"><span class='ocrx_word' id='word_1_67' title='bbox 180 1058 372 1136; x_wconf 84' lang='lat' dir='ltr'>Atqui</span> <span class='ocrx_word' id='word_1_68' title='bbox 404 1081 605 1140; x_wconf 81' lang='lat' dir='ltr'><strong>pares</strong></span> <span class='ocrx_word' id='word_1_69' title='bbox 662 1082 803 1120; x_wconf 86' lang='lat' dir='ltr'><strong>esse</strong></span> <span class='ocrx_word' id='word_1_70' title='bbox 842 1062 1106 1133; x_wconf 84' lang='lat' dir='ltr'><strong>virtutes,</strong></span> <span class='ocrx_word' id='word_1_71' title='bbox 1140 1083 1256 1121; x_wconf 87' lang='lat' dir='ltr'><strong>nec</strong></span> <span class='ocrx_word' id='word_1_72' title='bbox 1285 1063 1446 1122; x_wconf 87' lang='lat' dir='ltr'><strong>bono</strong></span> <span class='ocrx_word' id='word_1_73' title='bbox 1485 1061 1614 1120; x_wconf 81' lang='lat' dir='ltr'><strong>viro</strong></span> <span class='ocrx_word' id='word_1_74' title='bbox 1661 1063 1988 1132; x_wconf 86' lang='lat' dir='ltr'><strong>meliorem,</strong></span> <span class='ocrx_word' id='word_1_75' title='bbox 2020 1083 2132 1124; x_wconf 84' lang='lat' dir='ltr'><strong>nec</strong></span> 
     </span>
     <span class='ocr_line' id='line_1_9' title="bbox 183 1157 2132 1236; baseline 0.004 -27"><span class='ocrx_word' id='word_1_76' title='bbox 183 1165 581 1232; x_wconf 78' lang='lat' dir='ltr'><strong>temperante</strong></span> <span class='ocrx_word' id='word_1_77' title='bbox 611 1158 1170 1236; x_wconf 80' lang='lat' dir='ltr'><strong>temperantiorem,</strong></span> <span class='ocrx_word' id='word_1_78' title='bbox 1198 1178 1314 1216; x_wconf 91' lang='lat' dir='ltr'><strong>nec</strong></span> <span class='ocrx_word' id='word_1_79' title='bbox 1343 1157 1476 1215; x_wconf 88' lang='lat' dir='ltr'><strong>forti</strong></span> <span class='ocrx_word' id='word_1_80' title='bbox 1495 1157 1820 1228; x_wconf 84' lang='lat' dir='ltr'><strong>fortiorem,</strong></span> <span class='ocrx_word' id='word_1_81' title='bbox 1841 1179 1954 1216; x_wconf 86' lang='lat' dir='ltr'><strong>nec</strong></span> <span class='ocrx_word' id='word_1_82' title='bbox 1979 1159 2132 1236; x_wconf 77' lang='lat' dir='ltr'><strong>sapi-</strong></span> 
     </span>
     <span class='ocr_line' id='line_1_10' title="bbox 184 1239 2132 1333; baseline 0.004 -28"><span class='ocrx_word' id='word_1_83' title='bbox 184 1261 321 1308; x_wconf 85' lang='lat' dir='ltr'><strong>ente</strong></span> <span class='ocrx_word' id='word_1_84' title='bbox 372 1252 833 1330; x_wconf 80' lang='lat' dir='ltr'><strong>sapientiorem</strong></span> <span class='ocrx_word' id='word_1_85' title='bbox 882 1273 1059 1332; x_wconf 83' lang='lat' dir='ltr'><strong>posse</strong></span> <span class='ocrx_word' id='word_1_86' title='bbox 1098 1239 1247 1321; x_wconf 83' lang='lat' dir='ltr'><strong>fieri,</strong></span> <span class='ocrx_word' id='word_1_87' title='bbox 1283 1252 1570 1312; x_wconf 85' lang='lat' dir='ltr'><strong>facillime</strong></span> <span class='ocrx_word' id='word_1_88' title='bbox 1616 1265 1816 1332; x_wconf 86' lang='lat' dir='ltr'><strong>potest</strong></span> <span class='ocrx_word' id='word_1_89' title='bbox 1853 1253 2132 1333; x_wconf 82' lang='lat' dir='ltr'><strong>perspici.</strong></span> 
     </span>
     <span class='ocr_line' id='line_1_11' title="bbox 186 1345 2134 1426; baseline 0.003 -26"><span class='ocrx_word' id='word_1_90' title='bbox 186 1345 285 1400; x_wconf 89' lang='lat' dir='ltr'><strong>An</strong></span> <span class='ocrx_word' id='word_1_91' title='bbox 316 1345 535 1408; x_wconf 80' lang='lat' dir='ltr'><strong>vir‘urn</strong></span> <span class='ocrx_word' id='word_1_92' title='bbox 574 1349 815 1407; x_wconf 89' lang='lat' dir='ltr'><strong>bonum</strong></span> <span class='ocrx_word' id='word_1_93' title='bbox 850 1349 1031 1418; x_wconf 88' lang='lat' dir='ltr'><strong>dices,</strong></span> <span class='ocrx_word' id='word_1_94' title='bbox 1060 1348 1163 1426; x_wconf 91' lang='lat' dir='ltr'><strong>qui</strong></span> <span class='ocrx_word' id='word_1_95' title='bbox 1193 1347 1530 1426; x_wconf 83' lang='lat' dir='ltr'><strong>depositum</strong></span> <span class='ocrx_word' id='word_1_96' title='bbox 1562 1349 1724 1406; x_wconf 90' lang='lat' dir='ltr'><strong>nullo</strong></span> <span class='ocrx_word' id='word_1_97' title='bbox 1755 1359 1922 1418; x_wconf 86' lang='lat' dir='ltr'><strong>teste,</strong></span> <span class='ocrx_word' id='word_1_98' title='bbox 1950 1368 2134 1426; x_wconf 87' lang='lat' dir='ltr'><strong>quum</strong></span> 
     </span>
     <span class='ocr_line' id='line_1_12' title="bbox 188 1438 2134 1522; baseline 0.004 -27"><span class='ocrx_word' id='word_1_99' title='bbox 188 1438 414 1498; x_wconf 81' lang='lat' dir='ltr'><strong>lucrari</strong></span> <span class='ocrx_word' id='word_1_100' title='bbox 452 1441 729 1521; x_wconf 87' lang='lat' dir='ltr'><strong>impune</strong></span> <span class='ocrx_word' id='word_1_101' title='bbox 772 1457 972 1522; x_wconf 81' lang='lat' dir='ltr'><strong>posset</strong></span> <span class='ocrx_word' id='word_1_102' title='bbox 1016 1443 1147 1500; x_wconf 79' lang='lat' dir='ltr'><strong>auri</strong></span> <span class='ocrx_word' id='word_1_103' title='bbox 1190 1443 1392 1522; x_wconf 89' lang='lat' dir='ltr'><strong>pondo</strong></span> <span class='ocrx_word' id='word_1_104' title='bbox 1437 1443 1668 1512; x_wconf 87' lang='lat' dir='ltr'><strong>decem,</strong></span> <span class='ocrx_word' id='word_1_105' title='bbox 1700 1443 2046 1514; x_wconf 83' lang='lat' dir='ltr'><strong>reddiderit,</strong></span> <span class='ocrx_word' id='word_1_106' title='bbox 2080 1445 2134 1504; x_wconf 82' lang='lat' dir='ltr'><strong>si</strong></span> 
     </span>
     <span class='ocr_line' id='line_1_13' title="bbox 190 1531 2133 1618; baseline 0.006 -29"><span class='ocrx_word' id='word_1_107' title='bbox 190 1531 355 1592; x_wconf 88' lang='lat' dir='ltr'><strong>idem</strong></span> <span class='ocrx_word' id='word_1_108' title='bbox 376 1536 447 1594; x_wconf 88' lang='lat' dir='ltr'><strong>in</strong></span> <span class='ocrx_word' id='word_1_109' title='bbox 471 1537 709 1596; x_wconf 87' lang='lat' dir='ltr'><strong>decem</strong></span> <span class='ocrx_word' id='word_1_110' title='bbox 736 1538 991 1599; x_wconf 86' lang='lat' dir='ltr'><strong>millibus</strong></span> <span class='ocrx_word' id='word_1_111' title='bbox 1017 1538 1216 1617; x_wconf 88' lang='lat' dir='ltr'><strong>pondo</strong></span> <span class='ocrx_word' id='word_1_112' title='bbox 1244 1558 1364 1598; x_wconf 87' lang='lat' dir='ltr'><strong>non</strong></span> <span class='ocrx_word' id='word_1_113' title='bbox 1391 1537 1553 1598; x_wconf 87' lang='lat' dir='ltr'><strong>idem</strong></span> <span class='ocrx_word' id='word_1_114' title='bbox 1572 1539 1822 1599; x_wconf 61' lang='lat' dir='ltr'><strong>fecerit?</strong></span> <span class='ocrx_word' id='word_1_115' title='bbox 1863 1551 1964 1598; x_wconf 76' lang='lat' dir='ltr'><strong>aut</strong></span> <span class='ocrx_word' id='word_1_116' title='bbox 1987 1553 2133 1618; x_wconf 72' lang='lat' dir='ltr'><strong>tem-</strong></span> 
     </span>
     <span class='ocr_line' id='line_1_14' title="bbox 190 1627 2136 1712; baseline 0.004 -25"><span class='ocrx_word' id='word_1_117' title='bbox 190 1627 523 1708; x_wconf 68' lang='lat' dir='ltr'><strong>&#39;parantem</strong></span> <span class='ocrx_word' id='word_1_118' title='bbox 578 1655 741 1704; x_wconf 91' lang='lat' dir='ltr'><strong>eum,</strong></span> <span class='ocrx_word' id='word_1_119' title='bbox 776 1635 877 1712; x_wconf 86' lang='lat' dir='ltr'><strong>qui</strong></span> <span class='ocrx_word' id='word_1_120' title='bbox 916 1654 981 1692; x_wconf 88' lang='lat' dir='ltr'><strong>se</strong></span> <span class='ocrx_word' id='word_1_121' title='bbox 1022 1635 1081 1691; x_wconf 87' lang='lat' dir='ltr'><strong>in</strong></span> <span class='ocrx_word' id='word_1_122' title='bbox 1130 1635 1330 1712; x_wconf 79' lang='lat' dir='ltr'><strong>aliqua</strong></span> <span class='ocrx_word' id='word_1_123' title='bbox 1375 1634 1622 1692; x_wconf 88' lang='lat' dir='ltr'><strong>libidine</strong></span> <span class='ocrx_word' id='word_1_124' title='bbox 1669 1635 2038 1703; x_wconf 84' lang='lat' dir='ltr'><strong>continuerit,</strong></span> <span class='ocrx_word' id='word_1_125' title='bbox 2072 1635 2136 1694; x_wconf 83' lang='lat' dir='ltr'><strong>in</strong></span> 
     </span>
     <span class='ocr_line' id='line_1_15' title="bbox 198 1725 2134 1803; baseline 0.003 -21"><span class='ocrx_word' id='word_1_126' title='bbox 198 1725 404 1803; x_wconf 81' lang='lat' dir='ltr'><strong>aliqua</strong></span> <span class='ocrx_word' id='word_1_127' title='bbox 434 1728 777 1788; x_wconf 71' lang='lat' dir='ltr'><strong>effuderit‘l</strong></span> <span class='ocrx_word' id='word_1_128' title='bbox 858 1734 953 1788; x_wconf 87' lang='grc'><strong>22.</strong></span> <span class='ocrx_word' id='word_1_129' title='bbox 988 1729 1127 1786; x_wconf 82' lang='lat' dir='ltr'><strong>Una</strong></span> <span class='ocrx_word' id='word_1_130' title='bbox 1153 1729 1340 1786; x_wconf 84' lang='lat' dir='ltr'><strong>virtus</strong></span> <span class='ocrx_word' id='word_1_131' title='bbox 1369 1741 1456 1786; x_wconf 90' lang='lat' dir='ltr'><strong>est</strong></span> <span class='ocrx_word' id='word_1_132' title='bbox 1485 1730 1856 1788; x_wconf 85' lang='lat' dir='ltr'><strong>consentiens</strong></span> <span class='ocrx_word' id='word_1_133' title='bbox 1885 1750 2022 1788; x_wconf 87' lang='lat' dir='ltr'><strong>cum</strong></span> <span class='ocrx_word' id='word_1_134' title='bbox 2045 1749 2134 1787; x_wconf 80' lang='lat' dir='ltr'><strong>ra-</strong></span> 
     </span>
     <span class='ocr_line' id='line_1_16' title="bbox 196 1819 2138 1902; baseline 0.003 -26"><span class='ocrx_word' id='word_1_135' title='bbox 196 1819 365 1878; x_wconf 86' lang='lat' dir='ltr'><strong>tione</strong></span> <span class='ocrx_word' id='word_1_136' title='bbox 397 1835 467 1879; x_wconf 90' lang='lat' dir='ltr'><strong>et</strong></span> <span class='ocrx_word' id='word_1_137' title='bbox 498 1836 807 1902; x_wconf 80' lang='lat' dir='ltr'><strong>perpetua</strong></span> <span class='ocrx_word' id='word_1_138' title='bbox 832 1823 1177 1882; x_wconf 80' lang='lat' dir='ltr'><strong>constantia.</strong></span> <span class='ocrx_word' id='word_1_139' title='bbox 1261 1823 1430 1882; x_wconf 91' lang='lat' dir='ltr'><strong>Nihil</strong></span> <span class='ocrx_word' id='word_1_140' title='bbox 1450 1823 1588 1882; x_wconf 87' lang='lat' dir='ltr'><strong>huic</strong></span> <span class='ocrx_word' id='word_1_141' title='bbox 1616 1823 1756 1882; x_wconf 79' lang='lat' dir='ltr'><strong>addi</strong></span> <span class='ocrx_word' id='word_1_142' title='bbox 1781 1836 1996 1902; x_wconf 84' lang='lat' dir='ltr'><strong>potest,</strong></span> <span class='ocrx_word' id='word_1_143' title='bbox 2018 1843 2138 1901; x_wconf 87' lang='lat' dir='ltr'><strong>quo</strong></span> 
     </span>
     <span class='ocr_line' id='line_1_17' title="bbox 200 1916 2138 1996; baseline 0.003 -24"><span class='ocrx_word' id='word_1_144' title='bbox 200 1917 401 1994; x_wconf 81' lang='lat' dir='ltr'><strong>magis</strong></span> <span class='ocrx_word' id='word_1_145' title='bbox 422 1918 627 1976; x_wconf 81' lang='lat' dir='ltr'><strong>virtus</strong></span> <span class='ocrx_word' id='word_1_146' title='bbox 656 1917 760 1976; x_wconf 87' lang='lat' dir='ltr'><strong>sit:</strong></span> <span class='ocrx_word' id='word_1_147' title='bbox 795 1917 939 1974; x_wconf 88' lang='lat' dir='ltr'><strong>nihil</strong></span> <span class='ocrx_word' id='word_1_148' title='bbox 961 1916 1141 1988; x_wconf 90' lang='lat' dir='ltr'><strong>demi,</strong></span> <span class='ocrx_word' id='word_1_149' title='bbox 1164 1931 1229 1976; x_wconf 91' lang='lat' dir='ltr'><strong>ut</strong></span> <span class='ocrx_word' id='word_1_150' title='bbox 1248 1919 1478 1978; x_wconf 82' lang='lat' dir='ltr'><strong>virtutis</strong></span> <span class='ocrx_word' id='word_1_151' title='bbox 1503 1939 1726 1978; x_wconf 89' lang='lat' dir='ltr'><strong>nomen</strong></span> <span class='ocrx_word' id='word_1_152' title='bbox 1752 1919 2138 1996; x_wconf 79' lang='lat' dir='ltr'><strong>relinquatur.</strong></span> 
     </span>
     <span class='ocr_line' id='line_1_18' title="bbox 201 2009 2136 2083; baseline 0.003 -15"><span class='ocrx_word' id='word_1_153' title='bbox 201 2009 467 2071; x_wconf 88' lang='lat' dir='ltr'><strong>Etenim</strong></span> <span class='ocrx_word' id='word_1_154' title='bbox 494 2013 550 2072; x_wconf 91' lang='lat' dir='ltr'><strong>si</strong></span> <span class='ocrx_word' id='word_1_155' title='bbox 565 2013 723 2070; x_wconf 88' lang='lat' dir='ltr'><strong>bene</strong></span> <span class='ocrx_word' id='word_1_156' title='bbox 745 2011 899 2070; x_wconf 82' lang='lat' dir='ltr'><strong>facta</strong></span> <span class='ocrx_word' id='word_1_157' title='bbox 918 2025 1080 2071; x_wconf 87' lang='lat' dir='ltr'><strong>recte</strong></span> <span class='ocrx_word' id='word_1_158' title='bbox 1102 2013 1260 2072; x_wconf 79' lang='lat' dir='ltr'><strong>facta</strong></span> <span class='ocrx_word' id='word_1_159' title='bbox 1283 2026 1434 2083; x_wconf 84' lang='lat' dir='ltr'><strong>sunt,</strong></span> <span class='ocrx_word' id='word_1_160' title='bbox 1454 2026 1516 2072; x_wconf 86' lang='lat' dir='ltr'><strong>et</strong></span> <span class='ocrx_word' id='word_1_161' title='bbox 1535 2014 1682 2074; x_wconf 86' lang='lat' dir='ltr'><strong>nihil</strong></span> <span class='ocrx_word' id='word_1_162' title='bbox 1701 2027 1866 2073; x_wconf 86' lang='lat' dir='ltr'><strong>recto</strong></span> <span class='ocrx_word' id='word_1_163' title='bbox 1886 2013 2136 2074; x_wconf 80' lang='lat' dir='ltr'><strong>rectius:</strong></span> 
     </span>
     <span class='ocr_line' id='line_1_19' title="bbox 208 2107 2138 2188; baseline 0.002 -24"><span class='ocrx_word' id='word_1_164' title='bbox 208 2120 379 2166; x_wconf 84' lang='lat' dir='ltr'><strong>certe</strong></span> <span class='ocrx_word' id='word_1_165' title='bbox 425 2129 516 2167; x_wconf 92' lang='lat' dir='ltr'><strong>ne</strong></span> <span class='ocrx_word' id='word_1_166' title='bbox 550 2109 709 2166; x_wconf 92' lang='lat' dir='ltr'><strong>bono</strong></span> <span class='ocrx_word' id='word_1_167' title='bbox 752 2107 993 2184; x_wconf 88' lang='lat' dir='ltr'><strong>quidem</strong></span> <span class='ocrx_word' id='word_1_168' title='bbox 1032 2107 1247 2166; x_wconf 86' lang='lat' dir='ltr'><strong>melius</strong></span> <span class='ocrx_word' id='word_1_169' title='bbox 1287 2107 1604 2186; x_wconf 82' lang='lat' dir='ltr'><strong>quidquam</strong></span> <span class='ocrx_word' id='word_1_170' title='bbox 1637 2108 1894 2168; x_wconf 82' lang='lat' dir='ltr'><strong>inveniri</strong></span> <span class='ocrx_word' id='word_1_171' title='bbox 1925 2121 2138 2188; x_wconf 86' lang='lat' dir='ltr'><strong>potest.</strong></span> 
     </span>
     <span class='ocr_line' id='line_1_20' title="bbox 210 2201 2137 2281; baseline 0.002 -22"><span class='ocrx_word' id='word_1_172' title='bbox 210 2201 520 2280; x_wconf 86' lang='lat' dir='ltr'><strong>Sequitur</strong></span> <span class='ocrx_word' id='word_1_173' title='bbox 552 2203 753 2280; x_wconf 84' lang='lat' dir='ltr'><strong>igitur,</strong></span> <span class='ocrx_word' id='word_1_174' title='bbox 784 2215 849 2260; x_wconf 88' lang='lat' dir='ltr'><strong>ut</strong></span> <span class='ocrx_word' id='word_1_175' title='bbox 881 2202 1060 2260; x_wconf 83' lang='lat' dir='ltr'><strong>etiam</strong></span> <span class='ocrx_word' id='word_1_176' title='bbox 1086 2202 1233 2260; x_wconf 78' lang='lat' dir='ltr'><strong>vitia.</strong></span> <span class='ocrx_word' id='word_1_177' title='bbox 1265 2202 1380 2260; x_wconf 86' lang='lat' dir='ltr'><strong>sint</strong></span> <span class='ocrx_word' id='word_1_178' title='bbox 1412 2204 1608 2281; x_wconf 79' lang='lat' dir='ltr'><strong>paria:</strong></span> <span class='ocrx_word' id='word_1_179' title='bbox 1651 2203 1702 2262; x_wconf 84' lang='lat' dir='ltr'><strong>si</strong></span> <span class='ocrx_word' id='word_1_180' title='bbox 1731 2203 1973 2281; x_wconf 87' lang='lat' dir='ltr'><strong>quidem</strong></span> <span class='ocrx_word' id='word_1_181' title='bbox 2004 2223 2137 2281; x_wconf 75' lang='lat' dir='ltr'><strong>pra-</strong></span> 
     </span>
     <span class='ocr_line' id='line_1_21' title="bbox 210 2295 2141 2376; baseline 0 -22"><span class='ocrx_word' id='word_1_182' title='bbox 210 2298 443 2358; x_wconf 68' lang='lat' dir='ltr'><strong>vitates</strong></span> <span class='ocrx_word' id='word_1_183' title='bbox 480 2296 663 2356; x_wconf 82' lang='lat' dir='ltr'><strong>animi</strong></span> <span class='ocrx_word' id='word_1_184' title='bbox 696 2309 857 2355; x_wconf 88' lang='lat' dir='ltr'><strong>recte</strong></span> <span class='ocrx_word' id='word_1_185' title='bbox 890 2297 1033 2355; x_wconf 83' lang='lat' dir='ltr'><strong>vitia</strong></span> <span class='ocrx_word' id='word_1_186' title='bbox 1061 2295 1380 2356; x_wconf 74' lang='lat' dir='ltr'><strong>dicuntur.‘</strong></span> <span class='ocrx_word' id='word_1_187' title='bbox 1439 2297 1626 2376; x_wconf 87' lang='lat' dir='ltr'><strong>Atqui</strong></span> <span class='ocrx_word' id='word_1_188' title='bbox 1655 2299 1932 2376; x_wconf 82' lang='lat' dir='ltr'><strong>quoniam</strong></span> <span class='ocrx_word' id='word_1_189' title='bbox 1965 2315 2141 2376; x_wconf 76' lang='lat' dir='ltr'><strong>pares</strong></span> 
     </span>
     <span class='ocr_line' id='line_1_22' title="bbox 216 2383 2198 2474; baseline 0 -24"><span class='ocrx_word' id='word_1_190' title='bbox 216 2394 483 2453; x_wconf 80' lang='lat' dir='ltr'><strong>virtutes</strong></span> <span class='ocrx_word' id='word_1_191' title='bbox 524 2405 693 2462; x_wconf 84' lang='lat' dir='ltr'><strong>sunt3</strong></span> <span class='ocrx_word' id='word_1_192' title='bbox 742 2404 905 2450; x_wconf 89' lang='lat' dir='ltr'><strong>recte</strong></span> <span class='ocrx_word' id='word_1_193' title='bbox 944 2393 1118 2474; x_wconf 63' lang='lat' dir='ltr'><strong>facta,</strong></span> <span class='ocrx_word' id='word_1_194' title='bbox 1162 2393 1443 2470; x_wconf 79' lang='lat' dir='ltr'><strong>quoniam</strong></span> <span class='ocrx_word' id='word_1_195' title='bbox 1483 2411 1520 2451; x_wconf 77' lang='lat' dir='ltr'><strong>a.</strong></span> <span class='ocrx_word' id='word_1_196' title='bbox 1556 2393 1870 2451; x_wconf 82' lang='lat' dir='ltr'><strong>virtutibus</strong></span> <span class='ocrx_word' id='word_1_197' title='bbox 1910 2391 2139 2470; x_wconf 83' lang='lat' dir='ltr'><strong>profici·</strong></span> <span class='ocrx_word' id='word_1_198' title='bbox 2183 2383 2198 2398; x_wconf 80' lang='grc'><em>’</em></span> 
     </span>
     <span class='ocr_line' id='line_1_23' title="bbox 226 2487 2142 2568; baseline -0.001 -23"><span class='ocrx_word' id='word_1_199' title='bbox 226 2503 501 2562; x_wconf 66' lang='lat' dir='ltr'><strong>emuntur,</strong></span> <span class='ocrx_word' id='word_1_200' title='bbox 530 2487 697 2568; x_wconf 82' lang='lat' dir='ltr'><strong>paria</strong></span> <span class='ocrx_word' id='word_1_201' title='bbox 722 2507 853 2546; x_wconf 83' lang='lat' dir='ltr'><strong>esse</strong></span> <span class='ocrx_word' id='word_1_202' title='bbox 882 2487 1134 2546; x_wconf 86' lang='lat' dir='ltr'><strong>debent:</strong></span> <span class='ocrx_word' id='word_1_203' title='bbox 1170 2487 1434 2563; x_wconf 89' lang='lat' dir='ltr'><strong>itemque</strong></span> <span class='ocrx_word' id='word_1_204' title='bbox 1461 2500 1728 2565; x_wconf 80' lang='lat' dir='ltr'><strong>peccata,</strong></span> <span class='ocrx_word' id='word_1_205' title='bbox 1756 2487 2034 2565; x_wconf 80' lang='lat' dir='ltr'><strong>quoniam</strong></span> <span class='ocrx_word' id='word_1_206' title='bbox 2061 2505 2142 2544; x_wconf 83' lang='lat' dir='ltr'><strong>ex</strong></span> 
     </span>
     <span class='ocr_line' id='line_1_24' title="bbox 224 2582 1506 2659; baseline 0.001 -20"><span class='ocrx_word' id='word_1_207' title='bbox 224 2582 388 2642; x_wconf 87' lang='lat' dir='ltr'><strong>vitiis</strong></span> <span class='ocrx_word' id='word_1_208' title='bbox 416 2597 674 2653; x_wconf 86' lang='lat' dir='ltr'><strong>manant,</strong></span> <span class='ocrx_word' id='word_1_209' title='bbox 704 2583 819 2641; x_wconf 87' lang='lat' dir='ltr'><strong>sint</strong></span> <span class='ocrx_word' id='word_1_210' title='bbox 844 2582 1098 2659; x_wconf 75' lang='lat' dir='ltr'><strong>aequalia</strong></span> <span class='ocrx_word' id='word_1_211' title='bbox 1124 2600 1372 2640; x_wconf 86' lang='lat' dir='ltr'><strong>necesse</strong></span> <span class='ocrx_word' id='word_1_212' title='bbox 1399 2592 1506 2640; x_wconf 81' lang='lat' dir='ltr'><strong>est.</strong></span> 
     </span>
    </p>
   </div>
   <div class='ocr_carea' id='block_1_3' title="bbox 233 2771 2154 3792">
    <p class='ocr_par' dir='ltr' id='par_1_3' title="bbox 313 2771 2144 2850">
     <span class='ocr_line' id='line_1_25' title="bbox 313 2771 2144 2850; baseline -0.001 -18"><span class='ocrx_word' id='word_1_213' title='bbox 313 2775 401 2833; x_wconf 93' lang='lat' dir='ltr'><strong>II.</strong></span> <span class='ocrx_word' id='word_1_214' title='bbox 436 2780 533 2833; x_wconf 89' lang='grc'><strong>23.</strong></span> <span class='ocrx_word' id='word_1_215' title='bbox 564 2775 621 2832; x_wconf 83' lang='grc' dir='ltr'><strong><em>Α</em></strong></span> <span class='ocrx_word' id='word_1_216' title='bbox 636 2774 1018 2850; x_wconf 65' lang='lat' dir='ltr'><strong>philosophi-³,</strong></span> <span class='ocrx_word' id='word_1_217' title='bbox 1041 2771 1251 2850; x_wconf 87' lang='lat' dir='ltr'><strong>inquit,</strong></span> <span class='ocrx_word' id='word_1_218' title='bbox 1271 2774 1388 2830; x_wconf 77' lang='lat' dir='ltr'><strong>ista</strong></span> <span class='ocrx_word' id='word_1_219' title='bbox 1408 2772 1602 2830; x_wconf 71' lang='lat' dir='ltr'><strong>sumis.</strong></span> <span class='ocrx_word' id='word_1_220' title='bbox 1682 2772 2144 2842; x_wconf 79' lang='lat' dir='ltr'><strong>Metuebam‚ne</strong></span> 
     </span>
    </p>

    <p class='ocr_par' dir='ltr' id='par_1_4' title="bbox 233 2867 2154 3792">
     <span class='ocr_line' id='line_1_26' title="bbox 236 2867 2144 2946; baseline -0.001 -19"><span class='ocrx_word' id='word_1_221' title='bbox 236 2890 273 2927; x_wconf 81' lang='lat' dir='ltr'><strong>a</strong></span> <span class='ocrx_word' id='word_1_222' title='bbox 290 2869 613 2928; x_wconf 86' lang='lat' dir='ltr'><strong>lenonibus</strong></span> <span class='ocrx_word' id='word_1_223' title='bbox 634 2869 884 2926; x_wconf 87' lang='lat' dir='ltr'><strong>diceres.</strong></span> <span class='ocrx_word' id='word_1_224' title='bbox 951 2869 1213 2926; x_wconf 74' lang='lat' dir='ltr'><strong>Socrates</strong></span> <span class='ocrx_word' id='word_1_225' title='bbox 1233 2867 1573 2946; x_wconf 73' lang='lat' dir='ltr'><strong>disputabat</strong></span> <span class='ocrx_word' id='word_1_226' title='bbox 1591 2867 1700 2924; x_wconf 72' lang='lat' dir='ltr'><strong>isto</strong></span> <span class='ocrx_word' id='word_1_227' title='bbox 1727 2867 1912 2926; x_wconf 79' lang='lat' dir='ltr'><strong>modo,</strong></span> <span class='ocrx_word' id='word_1_228' title='bbox 1975 2867 2144 2926; x_wconf 85' lang='lat' dir='ltr'><strong>Bene</strong></span> 
     </span>
     <span class='ocr_line' id='line_1_27' title="bbox 233 2961 2147 3040; baseline -0.001 -18"><span class='ocrx_word' id='word_1_229' title='bbox 233 2965 485 3024; x_wconf 87' lang='lat' dir='ltr'><strong>hercule</strong></span> <span class='ocrx_word' id='word_1_230' title='bbox 525 2982 747 3023; x_wconf 79' lang='lat' dir='ltr'><strong>narras,</strong></span> <span class='ocrx_word' id='word_1_231' title='bbox 826 2963 989 3022; x_wconf 87' lang='lat' dir='ltr'><strong>Nam</strong></span> <span class='ocrx_word' id='word_1_232' title='bbox 1020 2963 1198 3022; x_wconf 88' lang='lat' dir='ltr'><strong>istum</strong></span> <span class='ocrx_word' id='word_1_233' title='bbox 1233 2961 1471 3020; x_wconf 87' lang='lat' dir='ltr'><strong>doctum</strong></span> <span class='ocrx_word' id='word_1_234' title='bbox 1503 2974 1564 3020; x_wconf 89' lang='lat' dir='ltr'><strong>et</strong></span> <span class='ocrx_word' id='word_1_235' title='bbox 1595 2962 1924 3040; x_wconf 83' lang='lat' dir='ltr'><strong>sapientem</strong></span> <span class='ocrx_word' id='word_1_236' title='bbox 1955 2962 2147 3022; x_wconf 78' lang='lat' dir='ltr'><strong>virum</strong></span> 
     </span>
     <span class='ocr_line' id='line_1_28' title="bbox 235 3055 2148 3136; baseline -0.001 -18"><span class='ocrx_word' id='word_1_237' title='bbox 235 3060 445 3132; x_wconf 88' lang='lat' dir='ltr'><strong>fuisse,</strong></span> <span class='ocrx_word' id='word_1_238' title='bbox 479 3059 787 3118; x_wconf 75' lang='lat' dir='ltr'><strong>memoriae</strong></span> <span class='ocrx_word' id='word_1_239' title='bbox 828 3058 1105 3116; x_wconf 82' lang='lat' dir='ltr'><strong>traditum</strong></span> <span class='ocrx_word' id='word_1_240' title='bbox 1145 3070 1259 3116; x_wconf 83' lang='lat' dir='ltr'><strong>est.</strong></span> <span class='ocrx_word' id='word_1_241' title='bbox 1337 3055 1463 3116; x_wconf 88' lang='lat' dir='ltr'><strong>Sed</strong></span> <span class='ocrx_word' id='word_1_242' title='bbox 1495 3069 1694 3116; x_wconf 76' lang='lat' dir='ltr'><strong>tamen</strong></span> <span class='ocrx_word' id='word_1_243' title='bbox 1727 3078 1930 3136; x_wconf 81' lang='lat' dir='ltr'><strong>quaero</strong></span> <span class='ocrx_word' id='word_1_244' title='bbox 1969 3077 2048 3116; x_wconf 79' lang='lat' dir='ltr'><strong>ex</strong></span> <span class='ocrx_word' id='word_1_245' title='bbox 2085 3069 2148 3116; x_wconf 85' lang='lat' dir='ltr'><strong>te</strong></span> 
     </span>
     <span class='ocr_line' id='line_1_29' title="bbox 240 3137 2150 3232; baseline -0.003 -18"><span class='ocrx_word' id='word_1_246' title='bbox 240 3155 549 3232; x_wconf 87' lang='lat' dir='ltr'><strong>(quoniam</strong></span> <span class='ocrx_word' id='word_1_247' title='bbox 566 3155 763 3212; x_wconf 85' lang='lat' dir='ltr'><strong>verbis</strong></span> <span class='ocrx_word' id='word_1_248' title='bbox 784 3154 941 3211; x_wconf 88' lang='lat' dir='ltr'><strong>inter</strong></span> <span class='ocrx_word' id='word_1_249' title='bbox 958 3173 1065 3210; x_wconf 91' lang='lat' dir='ltr'><strong>nos</strong></span> <span class='ocrx_word' id='word_1_250' title='bbox 1087 3137 1512 3221; x_wconf 81' lang='lat' dir='ltr'><strong>contendimus,</strong></span> <span class='ocrx_word' id='word_1_251' title='bbox 1529 3174 1646 3212; x_wconf 87' lang='lat' dir='ltr'><strong>non</strong></span> <span class='ocrx_word' id='word_1_252' title='bbox 1663 3153 1932 3231; x_wconf 79' lang='lat' dir='ltr'><strong>pugnis),</strong></span> <span class='ocrx_word' id='word_1_253' title='bbox 1950 3164 2150 3209; x_wconf 88' lang='lat' dir='ltr'><strong>utrum</strong></span> 
     </span>
     <span class='ocr_line' id='line_1_30' title="bbox 238 3246 2150 3327; baseline -0.004 -19"><span class='ocrx_word' id='word_1_254' title='bbox 238 3253 317 3308; x_wconf 90' lang='lat' dir='ltr'><strong>de</strong></span> <span class='ocrx_word' id='word_1_255' title='bbox 352 3251 530 3310; x_wconf 83' lang='lat' dir='ltr'><strong>bonis</strong></span> <span class='ocrx_word' id='word_1_256' title='bbox 572 3263 665 3308; x_wconf 85' lang='lat' dir='ltr'><strong>est</strong></span> <span class='ocrx_word' id='word_1_257' title='bbox 705 3248 1093 3326; x_wconf 84' lang='lat' dir='ltr'><strong>quaerendum</strong></span> <span class='ocrx_word' id='word_1_258' title='bbox 1126 3248 1271 3325; x_wconf 90' lang='lat' dir='ltr'><strong>quid</strong></span> <span class='ocrx_word' id='word_1_259' title='bbox 1302 3248 1488 3327; x_wconf 83' lang='lat' dir='ltr'><strong>bajuli</strong></span> <span class='ocrx_word' id='word_1_260' title='bbox 1525 3261 1703 3324; x_wconf 82' lang='lat' dir='ltr'><strong>atque</strong></span> <span class='ocrx_word' id='word_1_261' title='bbox 1744 3246 2019 3324; x_wconf 83' lang='lat' dir='ltr'><strong>operarii,</strong></span> <span class='ocrx_word' id='word_1_262' title='bbox 2057 3265 2150 3314; x_wconf 81' lang='lat' dir='ltr'><strong>an,</strong></span> 
     </span>
     <span class='ocr_line' id='line_1_31' title="bbox 243 3338 2151 3424; baseline -0.004 -20.85"><span class='ocrx_word' id='word_1_263' title='bbox 243 3345 386 3423; x_wconf 87' lang='lat' dir='ltr'><strong>quid</strong></span> <span class='ocrx_word' id='word_1_264' title='bbox 421 3345 699 3404; x_wconf 85' lang='lat' dir='ltr'><strong>homines</strong></span> <span class='ocrx_word' id='word_1_265' title='bbox 732 3342 1053 3424; x_wconf 81' lang='lat' dir='ltr'><strong>doctissimi</strong></span> <span class='ocrx_word' id='word_1_266' title='bbox 1086 3343 1416 3400; x_wconf 64' lang='lat' dir='ltr'><strong>senserint?</strong></span> <span class='ocrx_word' id='word_1_267' title='bbox 1458 3342 1788 3421; x_wconf 82' lang='lat' dir='ltr'><strong>praesertim</strong></span> <span class='ocrx_word' id='word_1_268' title='bbox 1823 3359 2010 3416; x_wconf 90' lang='lat' dir='ltr'><strong>quum</strong></span> <span class='ocrx_word' id='word_1_269' title='bbox 2040 3338 2151 3396; x_wconf 75' lang='lat' dir='ltr'><strong>hac</strong></span> 
     </span>
     <span class='ocr_line' id='line_1_32' title="bbox 242 3417 2150 3511; baseline -0.005 -13"><span class='ocrx_word' id='word_1_270' title='bbox 242 3440 543 3498; x_wconf 79' lang='lat' dir='ltr'><strong>sententia</strong></span> <span class='ocrx_word' id='word_1_271' title='bbox 562 3459 682 3498; x_wconf 89' lang='lat' dir='ltr'><strong>non</strong></span> <span class='ocrx_word' id='word_1_272' title='bbox 704 3417 881 3496; x_wconf 80' lang='lat' dir='ltr'><strong>modo</strong></span> <span class='ocrx_word' id='word_1_273' title='bbox 899 3438 1116 3506; x_wconf 83' lang='lat' dir='ltr'><strong>verior,</strong></span> <span class='ocrx_word' id='word_1_274' title='bbox 1138 3437 1243 3495; x_wconf 82' lang='lat' dir='ltr'><strong>sed</strong></span> <span class='ocrx_word' id='word_1_275' title='bbox 1265 3457 1340 3494; x_wconf 87' lang='lat' dir='ltr'><strong>ne</strong></span> <span class='ocrx_word' id='word_1_276' title='bbox 1362 3437 1562 3494; x_wconf 89' lang='lat' dir='ltr'><strong>utilior</strong></span> <span class='ocrx_word' id='word_1_277' title='bbox 1582 3434 1824 3511; x_wconf 86' lang='lat' dir='ltr'><strong>quidem</strong></span> <span class='ocrx_word' id='word_1_278' title='bbox 1845 3429 2150 3489; x_wconf 85' lang='lat' dir='ltr'><strong>hominum</strong></span> 
     </span>
     <span class='ocr_line' id='line_1_33' title="bbox 244 3515 2152 3612; baseline -0.005 -22"><span class='ocrx_word' id='word_1_279' title='bbox 244 3535 377 3593; x_wconf 82' lang='lat' dir='ltr'><strong>vitae</strong></span> <span class='ocrx_word' id='word_1_280' title='bbox 417 3532 675 3612; x_wconf 84' lang='lat' dir='ltr'><strong>reperiri</strong></span> <span class='ocrx_word' id='word_1_281' title='bbox 706 3533 827 3589; x_wconf 83' lang='lat' dir='ltr'><strong>ulla</strong></span> <span class='ocrx_word' id='word_1_282' title='bbox 860 3532 1059 3608; x_wconf 79' lang='lat' dir='ltr'><strong>possit.</strong></span> <span class='ocrx_word' id='word_1_283' title='bbox 1142 3531 1300 3600; x_wconf 81' lang='lat' dir='ltr'><strong>Quae</strong></span> <span class='ocrx_word' id='word_1_284' title='bbox 1336 3515 1422 3586; x_wconf 85' lang='lat' dir='ltr'><strong>vis</strong></span> <span class='ocrx_word' id='word_1_285' title='bbox 1463 3541 1554 3586; x_wconf 88' lang='lat' dir='ltr'><strong>est</strong></span> <span class='ocrx_word' id='word_1_286' title='bbox 1589 3527 1764 3593; x_wconf 88' lang='lat' dir='ltr'><strong>enim,</strong></span> <span class='ocrx_word' id='word_1_287' title='bbox 1793 3543 1924 3601; x_wconf 82' lang='lat' dir='ltr'><strong>quae</strong></span> <span class='ocrx_word' id='word_1_288' title='bbox 1966 3525 2152 3600; x_wconf 83' lang='lat' dir='ltr'><strong>magis</strong></span> 
     </span>
     <span class='ocr_line' id='line_1_34' title="bbox 248 3618 2152 3702; baseline -0.005 -16"><span class='ocrx_word' id='word_1_289' title='bbox 248 3643 445 3688; x_wconf 81' lang='lat' dir='ltr'><strong>arceat</strong></span> <span class='ocrx_word' id='word_1_290' title='bbox 484 3627 761 3686; x_wconf 85' lang='lat' dir='ltr'><strong>homines</strong></span> <span class='ocrx_word' id='word_1_291' title='bbox 805 3627 878 3683; x_wconf 87' lang='lat' dir='ltr'><strong>ab</strong></span> <span class='ocrx_word' id='word_1_292' title='bbox 912 3625 1288 3702; x_wconf 82' lang='lat' dir='ltr'><strong>improbitate</strong></span> <span class='ocrx_word' id='word_1_293' title='bbox 1330 3621 1511 3688; x_wconf 88' lang='lat' dir='ltr'><strong>omni,</strong></span> <span class='ocrx_word' id='word_1_294' title='bbox 1542 3638 1716 3696; x_wconf 80' lang='lat' dir='ltr'><strong>quam</strong></span> <span class='ocrx_word' id='word_1_295' title='bbox 1759 3618 1810 3676; x_wconf 88' lang='lat' dir='ltr'><strong>si</strong></span> <span class='ocrx_word' id='word_1_296' title='bbox 1849 3618 2152 3686; x_wconf 84' lang='lat' dir='ltr'><strong>senserint,</strong></span> 
     </span>
     <span class='ocr_line' id='line_1_35' title="bbox 246 3713 2154 3792; baseline -0.006 -10"><span class='ocrx_word' id='word_1_297' title='bbox 246 3726 475 3782; x_wconf 85' lang='lat' dir='ltr'><strong>nullum</strong></span> <span class='ocrx_word' id='word_1_298' title='bbox 519 3723 581 3780; x_wconf 87' lang='lat' dir='ltr'><strong>in</strong></span> <span class='ocrx_word' id='word_1_299' title='bbox 626 3721 853 3780; x_wconf 84' lang='lat' dir='ltr'><strong>delictis</strong></span> <span class='ocrx_word' id='word_1_300' title='bbox 895 3740 1025 3778; x_wconf 83' lang='lat' dir='ltr'><strong>esse</strong></span> <span class='ocrx_word' id='word_1_301' title='bbox 1068 3714 1431 3776; x_wconf 66' lang='lat' dir='ltr'><strong>discrimen‘t</strong></span> <span class='ocrx_word' id='word_1_302' title='bbox 1477 3732 1650 3790; x_wconf 84' lang='lat' dir='ltr'><strong>aeque</strong></span> <span class='ocrx_word' id='word_1_303' title='bbox 1691 3731 1944 3792; x_wconf 80' lang='lat' dir='ltr'><strong>peccare</strong></span> <span class='ocrx_word' id='word_1_304' title='bbox 1985 3731 2069 3783; x_wconf 83' lang='lat' dir='ltr'><strong>se,</strong></span> <span class='ocrx_word' id='word_1_305' title='bbox 2103 3713 2154 3772; x_wconf 85' lang='lat' dir='ltr'><strong>si</strong></span> 
     </span>
    </p>
   </div>
  </div>
 </body>
</html>
