2492 4392
388 369 474 430 56
934 383 1005 424 ιι.
1034 381 1097 424 ⁰1¹.
1128 379 1456 422 menonis
1491 378 1752 430 nmmos,

384 513 704 574 volentiam
730 513 966 580 civium,
994 533 1171 590 quam
1194 511 1500 571 blanditiis
1535 523 1595 569 et
1621 510 1978 569 assentando
2005 511 2306 589 colligere

384 623 557 687 turpe
578 623 683 667 est.
766 609 989 676 Virtus,
1012 627 1191 684 quam
1222 607 1496 684 sequitur
1519 607 1754 675 caritas,
1776 606 2022 662 minime
2049 606 2302 684 repudi-

384 705 542 763 anda
556 717 662 760 est.
728 708 823 760 62.
852 703 979 760 Sed
994 723 1157 780 saepe
1176 702 1422 778 (etenim
1439 701 1626 759 redeo
1645 700 1720 758 ad
1737 700 2101 778 Scipionem,
2121 701 2221 778 cuj
2229 721 2302 757 us

382 799 575 858 omnis
608 818 807 856 sermo
840 811 969 854 erat
994 795 1071 855 de
1104 796 1384 872 amicitia)
1414 796 1794 872 querebatur,
1821 795 1984 871 qnod
2017 795 2298 853 omnibns

382 893 443 950 in
470 894 647 950 rebus
668 892 939 950 homines
960 891 1370 969 diligentiores
1395 902 1624 961 essent3
1659 909 1866 968 capras
1893 902 1956 946 et
1981 909 2126 948 oves
2151 903 2300 967 quot

384 988 637 1065 quisque
669 988 939 1056 haberet,
966 986 1175 1045 dicere
1206 1005 1420 1064 posse:
1463 987 1684 1044 amicos
1716 999 1862 1062 quot
1884 985 2148 1052 haberet,
2177 1005 2300 1044 non

386 1103 561 1161 posse
584 1082 820 1140 dicere:
856 1095 919 1140 et
942 1082 1007 1138 in
1033 1081 1148 1139 illis
1169 1081 1418 1158 quidem
1443 1080 1724 1160 parandis
1751 1079 2036 1138 adhibere
2065 1101 2294 1150 curam,

384 1177 445 1234 in
464 1177 670 1235 amicis
692 1177 985 1254 eligendis
1004 1176 1378 1253 negligentes
1399 1195 1548 1244 esse,
1567 1196 1678 1234 nec
1693 1176 1914 1233 habere
1933 1175 2101 1251 quasi
2121 1177 2300 1253 signa

386 1273 678 1349 quaedam,
712 1286 776 1329 et
816 1285 1005 1340 notas,
1038 1271 1256 1348 quibus
1299 1291 1424 1340 eos,
1457 1272 1562 1347 qni
1605 1270 1682 1328 ad
1729 1271 2050 1330 amicitiam
2089 1283 2298 1331 essent

384 1367 602 1435 idonei,
626 1367 987 1446 judicarent.
1064 1367 1221 1424 Sunt
1251 1365 1435 1444 igitur
1465 1366 1638 1437 firmi,
1665 1379 1728 1424 et
1763 1366 2028 1434 stabiles,
2057 1377 2120 1423 et
2151 1385 2293 1422 con·

384 1475 605 1520 stantes
654 1462 935 1538 eligendi,
970 1462 1141 1540 cujus
1196 1462 1436 1540 generis
1483 1476 1576 1519 est
1625 1482 1841 1539 magna
1885 1461 2174 1538 penuria:
2233 1474 2294 1520 et

382 1555 660 1634 judicare
682 1555 924 1613 difficile
946 1569 1037 1612 est
1054 1575 1199 1612 sane
1218 1555 1334 1612 nisi
1355 1569 1669 1634 expertum
1687 1579 1703 1626 ς
1739 1555 2180 1634 experiendum
2201 1569 2294 1614 est

383 1665 584 1708 autem
616 1651 677 1707 in
710 1651 841 1730 ipsa
882 1650 1172 1708 amicitia:
1214 1651 1300 1710 ita
1331 1652 1642 1729 praecurrit
1681 1651 1942 1710 amicitia
1966 1651 2289 1730 judicium,

382 1745 656 1821 tollitque
690 1744 1043 1823 experiendi
1077 1759 1444 1822 potestatem.
1525 1751 1622 1804 63.
1665 1747 1778 1804 Est
1809 1739 1992 1824 igitur
2030 1746 2288 1824 pruden-

380 1839 476 1909 tis,
510 1839 823 1909 sustinere,
852 1853 919 1897 ut
956 1861 1214 1908 currum,
1251 1841 1336 1898 sic
1367 1840 1662 1919 impetum
1693 1841 2140 1911 benevolentias,
2171 1861 2290 1918 quo

382 1948 637 2004 utamur,
670 1936 839 2012 quasi
888 1935 1056 2011 equis
1104 1935 1362 2004 tentatis,
1403 1936 1490 1994 sic
1539 1935 1830 2005 amicitiis,
1873 1936 2068 2012 aliqua
2114 1949 2290 2014 parte

379 2031 729 2108 periclitatis
770 2031 1037 2088 moribus
1078 2031 1420 2088 amicorum.
1502 2030 1768 2101 Quidam
1809 2051 1972 2109 saepe
2003 2031 2064 2088 in
2099 2052 2290 2109 parva

377 2126 633 2203 pecunia
672 2126 1125 2204 perspiciuntur,
1170 2145 1351 2202 qnam
1403 2126 1519 2183 sint
1561 2127 1759 2196 leves;
1823 2126 2084 2202 quidam,
2129 2147 2287 2204 quos

378 2239 561 2297 parva
602 2241 842 2280 movere
880 2241 997 2278 non
1038 2221 1250 2298 potuit,
1285 2234 1725 2298 cognoscuntur
1763 2221 1826 2278 in
1866 2241 2094 2298 magna.
2173 2221 2284 2278 Sin

378 2327 555 2372 erunt
584 2315 769 2392 aliqui
796 2316 1039 2394 reperti,
1068 2317 1169 2393 qui
1197 2316 1514 2394 pecuniam
1541 2315 1824 2395 praeferre
1853 2316 2128 2374 amicitiae
2155 2336 2282 2374 sor-

377 2406 585 2466 didum
606 2410 956 2480 exstiment;
994 2411 1096 2468 ubi
1118 2431 1223 2468 eos
1244 2411 1630 2479 inveniemus,
1651 2411 1754 2488 qui
1775 2412 2041 2480 honores,
2066 2411 2282 2489 magis-

376 2514 580 2569 tratus,
609 2502 876 2580 imperia,
906 2516 1242 2581 potestates,
1273 2526 1418 2584 opes
1449 2505 1720 2566 amicitias
1747 2526 1868 2565 non
1897 2519 2278 2584 anteponent,

377 2608 462 2665 ut,
492 2615 625 2653 cum
662 2617 740 2654 ex
775 2599 964 2657 altera
994 2614 1160 2676 parte
1192 2602 1500 2679 proposita
1532 2602 1659 2660 haec
1693 2602 1825 2672 sint,
1853 2622 1936 2659 ex
1967 2603 2150 2660 altera
2171 2602 2278 2679 jus

378 2690 671 2760 amicitiae,
700 2711 817 2750 non
851 2696 1035 2752 multo
1060 2695 1166 2755 illa
1198 2697 1443 2755 malint?
1527 2698 1842 2757 Imbecilla
1872 2699 2034 2756 enim
2065 2710 2280 2757 natura

376 2798 467 2843 est
496 2786 565 2844 ad
590 2789 1078 2848 contemnendam
1108 2792 1438 2870 potentiam
1461 2816 1476 2851 ε
1522 2813 1699 2870 quam
1727 2794 1904 2852 etiam
1931 2794 1982 2851 si
2003 2795 2280 2872 neglecta

376 2881 635 2939 amicitia
678 2885 980 2942 consecuti
1014 2899 1166 2956 sunt,
1201 2887 1580 2945 obscuratum
1613 2888 1686 2945 iri
1727 2890 2102 2958 arbitrantur,
2137 2889 2279 2966 quia

373 2995 488 3034 non
526 2977 652 3036 sine
686 2999 904 3056 magna
935 3001 1117 3040 causa
1154 2982 1229 3040 sit
1267 2985 1542 3060 neglecta
1581 2983 1854 3042 amicitia.
1933 2989 2030 3042 64.
2065 2983 2276 3060 Itaque

374 3091 530 3128 verae
564 3073 837 3132 amicitiae
864 3074 1213 3134 difficillime
1244 3079 1628 3155 reperiuntur
1659 3079 1722 3136 in
1758 3079 1847 3146 iis,
1877 3079 1979 3156 qui
2007 3079 2066 3137 in
2097 3080 2276 3137 hono-

371 3166 535 3224 ribus
560 3188 745 3245 reque
774 3170 1019 3246 publica
1043 3186 1370 3230 versantur.
1451 3173 1574 3231 Ubi
1597 3174 1754 3232 enim
1783 3174 1961 3232 istum
1989 3175 2273 3243 invenias,

376 3262 477 3337 qui
506 3262 791 3322 honorem
820 3264 991 3323 amici
1020 3279 1342 3344 anteponat
1367 3288 1476 3326 suo
1500 3269 1522 3327 ’ἐ
1605 3268 1821 3340 Quid‘t
1861 3269 1990 3327 haec
2014 3281 2080 3326 ut
2108 3269 2274 3326 omit-

370 3369 508 3426 tam,
528 3379 703 3434 quam
732 3379 961 3436 graves,
982 3381 1159 3438 quam
1189 3361 1458 3421 difficiles
1485 3363 1790 3442 plerisque
1817 3364 2092 3421 videntur
2119 3365 2274 3421 cala-

368 3451 641 3512 mitatum
682 3454 1032 3514 societates!
1088 3455 1165 3515 ad
1198 3477 1346 3534 quas
1387 3478 1506 3516 non
1547 3472 1638 3517 est
1674 3459 1848 3518 facile
1888 3458 2130 3516 inventu
2169 3459 2272 3535 qui

368 3545 706 3608 descendat.
789 3548 1171 3628 Quamquam
1198 3553 1430 3611 Ennius
1455 3566 1653 3612 recte:

722 3645 959 3704 Amicus
984 3657 1163 3704 cer-tm
1187 3647 1252 3704 in
1278 3669 1339 3705 re
1363 3650 1580 3706 incerta
1605 3651 1859 3708 cernitur
1875 3673 1896 3708 .·

366 3746 569 3794 tatnen
614 3738 743 3798 haec
789 3738 911 3797 duo
956 3741 1205 3802 levitatis
1253 3757 1314 3802 et
1360 3745 1716 3806 infirmitatis
1760 3747 2084 3824 plerosque
2131 3767 2264 3808 con-
