2492 4392
465 351 550 408 22
925 365 994 408 Μ.
1025 367 1084 406 r.
1119 363 1447 406 crcnnoms
1484 349 1649 405 caro
1684 358 1913 412 nuos,

465 517 674 556 rumve
701 499 898 575 specie
929 496 1168 556 dicam‘l
1251 495 1435 554 Brevi
1460 492 1814 573 praecidam:
1860 512 2005 571 agro
2028 492 2191 550 bene
2220 493 2389 550 culto

467 593 613 650 nihil
641 607 834 671 potest
862 614 992 650 esse
1022 613 1138 651 nec
1165 580 1277 650 usu
1306 592 1569 659 uberius,
1598 609 1711 647 nec
1736 588 1937 667 specie
1954 588 2271 658 ornatius3
2310 587 2387 644 ad

467 707 648 764 quem
678 688 994 746 fruendum
1027 709 1146 746 non
1176 688 1359 746 modo
1390 705 1507 744 non
1540 686 1823 752 retardat,
1852 705 2059 743 verum
2088 685 2277 742 etiam
2305 685 2386 741 in-

468 784 614 841 vitat
647 796 822 859 atque
859 786 1098 844 allectat
1135 797 1427 842 senectus.
1508 783 1633 841 Ubi
1660 781 1819 840 enim
1846 795 2051 859 potest·
2068 781 2179 838 illa
2218 794 2383 850 oetas,

467 891 574 938 aut
601 879 900 938 calescere
927 882 1022 938 vel
1053 880 1415 958 apricatione
1442 878 1677 945 melius,
1698 878 1793 934 vel
1815 877 1957 954 igni,
1987 889 2093 934 aut
2118 875 2381 934 vicissim

465 974 692 1032 umbris
747 977 992 1052 aquisve
1043 975 1391 1052 refrigerari
1438 973 1735 1032 salubrius
1758 973 1781 1030 ‘l
1884 977 1978 1029 58.
2022 971 2153 1028 Sibi
2198 971 2384 1048 igitur
2414 1031 2421 1037 ,

467 1070 727 1128 habeant
759 1091 942 1138 arms,
969 1071 1086 1129 sibi
1113 1091 1315 1147 equOS,
1332 1070 1457 1128 'sibi
1485 1070 1697 1138 hastas,
1728 1068 1841 1126 sibi
1874 1069 2121 1136 clavam,
2150 1067 2265 1125 sibi
2296 1067 2382 1146 pi-

468 1167 610 1234 lam,
631 1165 746 1224 sibi
773 1167 1102 1225 natationes
1127 1180 1305 1244 atque
1329 1185 1576 1224 cursust
1620 1165 1789 1222 nobis
1821 1163 2065 1222 senibus
2092 1183 2171 1221 ex
2200 1164 2381 1220 lusio-

467 1261 644 1318 nibus
677 1261 880 1318 multis
903 1263 1050 1320 talos
1077 1262 1415 1338 relinquant
1440 1273 1500 1318 et
1526 1274 1819 1318 tesseras:
1862 1259 1925 1316 id
1954 1259 2150 1338 ipsum
2178 1272 2382 1316 utrum

469 1357 733 1428 lubebit3
777 1358 1057 1433 quoniam
1083 1358 1212 1416 sine
1239 1357 1331 1416 his
1356 1359 1534 1416 beata
1558 1377 1691 1415 esse
1718 1367 1989 1414 senectus
2017 1368 2231 1434 potest.

550 1548 761 1606 XVII.
809 1553 905 1607 59.
943 1545 1164 1608 Multas
1195 1548 1281 1608 ad
1324 1569 1421 1606 res
1463 1549 1747 1627 perutiles
1788 1547 2199 1626 Xenophontis
2240 1546 2381 1604 libri

469 1645 625 1713 sunt,
637 1663 788 1720 qnos
806 1644 1009 1721 legite,
1023 1663 1238 1721 quassu,
1256 1645 1537 1712 studiose,
1550 1657 1619 1702 ut
1632 1643 1841 1702 facitis.
1912 1641 2114 1714 Quam
2132 1642 2381 1721 copiose

470 1740 546 1796 ab
573 1757 646 1798 eo
675 1739 1034 1816 agricultura
1054 1738 1331 1798 laudatur
1348 1740 1409 1797 in
1438 1760 1511 1798 eo
1531 1740 1685 1797 libro
1722 1739 1821 1816 qui
1844 1752 1935 1796 est
1956 1738 2031 1796 de
2058 1737 2281 1796 tuenda
2308 1755 2380 1795 re

467 1833 762 1902 familiari,
797 1835 900 1910 qui
937 1835 1335 1894 OEconomicm
1366 1834 1736 1894 inscribitur!
1818 1837 2043 1911 Atque,
2066 1846 2127 1891 ut
2161 1833 2379 1891 intelli-

469 1930 642 2007 gatis,
659 1930 810 1987 nihil
827 1930 882 1986 ei
901 1943 1022 1988 tam
1043 1931 1253 2007 regale
1268 1929 1479 2000 videri,
1498 1951 1675 2008 quam
1696 1930 1953 1988 studium
1978 1931 2102 2008 agri
2120 1930 2379 1999 colendi,

363 2069 372 2078 ,
469 2025 749 2084 Socrates
777 2025 840 2084 iu
869 2045 944 2083 eo
972 2025 1126 2083 libro
1148 2025 1403 2101 loquitur
1427 2046 1565 2083 cum
1586 2025 1911 2093 critobule,
1936 2025 2163 2102 Cyrum
2190 2026 2380 2082 mino-

467 2141 616 2193 rem,
645 2141 856 2199 regem
884 2119 1221 2188 Persarum,
1237 2133 1629 2198 praestantem
1658 2121 1901 2198 ingenio
1928 2134 2111 2198 atque
2138 2121 2379 2200 imperii

468 2218 674 2294 gloria,
697 2237 834 2274 cum
865 2216 1176 2292 Lysander
1204 2215 1712 2284 LacaedemoniuS,
1732 2216 1822 2274 vir
1846 2235 2093 2275 summae
2120 2216 2377 2284 virtutiS,

467 2313 732 2371 venisset
763 2312 840 2371 ad
869 2331 1006 2369 eum
1037 2311 1260 2378 Sardis,
1290 2311 1467 2386 eique
1500 2311 1659 2368 dona
1692 2333 1728 2369 a
1760 2313 1935 2372 sociis
1970 2313 2288 2382 attulisset,
2318 2325 2381 2370 et

467 2407 690 2464 ceteris
707 2406 769 2463 in
789 2405 972 2463 rebus
993 2425 1370 2462 communem
1390 2425 1539 2482 erga
1560 2406 1953 2482 Lysandrum,
1976 2421 2153 2485 atque
2170 2409 2379 2465 huma-

465 2521 608 2558 num
641 2500 844 2567 fuisse,
878 2512 940 2556 et
973 2500 1030 2556 ei
1065 2499 1365 2576 quendam
1398 2497 1747 2579 conseptum
1790 2523 2018 2580 agrum,
2054 2503 2381 2581 diligenter

439 2596 760 2654 consitum
789 2595 1138 2653 ostendisse.
1221 2593 1378 2652 Cum
1414 2609 1611 2654 autem
1646 2596 2035 2658 admiraretur
2064 2599 2385 2676 Lysander

468 2703 531 2750 et
547 2691 936 2770 proceritates
956 2691 1255 2759 arborum,
1272 2705 1334 2750 et
1350 2691 1609 2750 directos
1626 2692 1685 2749 in
1704 2694 2094 2770 quincuncem
2110 2695 2379 2765 ordines,

467 2801 530 2845 et
554 2788 800 2845 humum
828 2787 1132 2845 subactam
1165 2799 1343 2864 atque
1371 2808 1601 2865 puram,
1630 2801 1692 2846 et
1724 2791 2073 2850 suavitatem
2102 2791 2379 2861 odorum,

468 2883 570 2960 qui
591 2882 931 2940 afflarentur
956 2903 995 2940 e
1019 2883 1293 2954 floribus3
1338 2895 1463 2940 tum
1494 2903 1633 2941 eum
1664 2883 1904 2953 dixisse,
1926 2887 2131 2944 mirari
2160 2907 2229 2944 se
2258 2907 2381 2944 non

469 2977 648 3036 modo
681 2976 1064 3054 diligentiam,
1093 2977 1201 3036 sed
1235 2978 1415 3036 etiam
1450 2979 1753 3038 solertiam
1788 2981 1937 3058 ejus,
1966 3001 2000 3038 a
2028 3001 2145 3058 quo
2176 2995 2383 3040 essent

465 3075 570 3132 illa
603 3075 869 3132 dimensa
910 3087 1090 3152 atque
1123 3075 1427 3154 descripta
1444 3099 1458 3147 ;
1504 3089 1566 3134 et
1598 3076 1657 3133 ei
1692 3076 1919 3153 Cyrum
1958 3075 2380 3154 respondisse:

465 3171 650 3248 Atqui
676 3191 780 3246 ego
803 3171 1002 3228 omnia
1027 3172 1141 3228 ista
1167 3191 1295 3229 sum
1316 3173 1605 3228 dimensus
1621 3195 1647 3238 ,·
1690 3173 1801 3229 mei
1826 3182 1957 3230 sunt
1978 3173 2225 3243 ordine-9,
2250 3194 2381 3231 mea

465 3263 772 3339 descriptio
789 3287 814 3331 ;
859 3263 1056 3321 multa
1083 3265 1261 3322 etiam
1286 3265 1533 3322 istarum
1564 3263 1841 3322 arborum
1872 3282 2000 3323 mea
2034 3285 2213 3324 manu
2246 3277 2383 3323 eunt

465 3370 624 3418 satoe.
709 3359 867 3416 Tum
913 3357 1310 3436 Lysandrum,
1354 3359 1683 3416 intuentem
1738 3379 2069 3437 purpuram
2122 3362 2275 3439 ejus,
2320 3375 2383 3420 et

464 3456 722 3513 nitorem
757 3454 1042 3532 corporis,
1071 3467 1463 3531 ornatumque
1494 3454 1803 3512 Persicum
1838 3457 2027 3527 multo
2055 3477 2199 3515 auro
2228 3458 2379 3514 mul-

464 3552 660 3628 tisque
681 3551 954 3629 gemmis,
973 3549 1194 3607 dixisse
1217 3573 1232 3610 =
1271 3549 1447 3608 Recte
1465 3569 1595 3608 vero
1615 3560 1684 3619 te,
1716 3550 1885 3626 Cyre,
1914 3545 2143 3610 beatum
2146 3554 2378 3631 firunt,

466 3647 740 3722 quoniam
759 3647 964 3704 virtuti
984 3657 1096 3704 tuce
1103 3646 1365 3724 fortuna
1388 3646 1684 3723 conjuncta
1704 3651 1823 3704 est!
1904 3651 1999 3705 60.
2036 3647 2175 3705 Hac
2196 3649 2381 3727 igitur

465 3739 704 3799 ἴοι-ωηο,
721 3741 839 3800 fmi
858 3741 1002 3800 licet
1025 3741 1309 3800 senibus:
1344 3761 1459 3800 nec
1480 3754 1627 3802 aetas
1646 3741 1915 3821 impedit,
1938 3761 2055 3819 quo
2077 3743 2281 3804 minus
2312 3757 2377 3805 et
