2492 4392
349 345 468 406 1⁰8
990 357 1151 400 cons
1159 357 1288 400 nnn
1324 355 1589 398 astons

339 493 472 550 lere
509 487 950 548 similitudinem
987 507 1242 556 morum,
1274 505 1457 564 quam
1496 485 1852 544 affinitatem.
1942 485 2251 546 Utebatur

343 598 541 643 autem
572 584 778 641 intime
812 581 897 653 Q.
914 582 1258 651 HortensiO,
1286 581 1387 658 qui
1412 581 1507 639 his
1546 581 1911 659 temporibus
1946 581 2244 659 principa-

341 693 468 738 tum
497 677 847 755 eloquentiae
877 678 1138 747 tenebat,
1166 689 1232 734 ut
1258 675 1507 754 intelligi
1532 695 1651 734 non
1682 687 1902 754 posset,
1932 689 2071 734 uter
2101 697 2245 734 eum

339 778 476 854 plus
517 775 811 852 diligeret,
841 773 1078 844 Cicero,
1115 792 1192 832 an
1232 770 1628 830 Hortensius:
1690 782 1751 829 et
1790 770 1873 840 id,
1906 770 2071 848 quod
2114 784 2245 830 erat

339 868 770 938 difficillimum,
799 867 1109 936 efficiebat,
1139 879 1223 936 ut,
1252 867 1407 924 inter
1438 885 1587 943 quos
1632 878 1811 924 tantae
1844 865 2041 923 laudis
2081 877 2244 924 esset

339 963 653 1032 aemulatio,
681 964 848 1021 nulla
881 962 1277 1022 intercederet
1314 960 1681 1031 obtrectatio,
1708 973 1986 1037 essetque
2028 960 2243 1018 talium

337 1059 598 1128 virm-um
625 1059 855 1136 copula.

418 1248 530 1305 VI.
576 1248 648 1305 In
687 1247 997 1327 republica
1033 1247 1118 1306 ita
1158 1259 1420 1306 versatus
1458 1259 1567 1318 est,
1600 1260 1669 1306 ut
1710 1257 1951 1325 semper
1988 1247 2241 1325 optima-

341 1362 470 1400 rum
505 1343 761 1420 partium
801 1354 861 1401 et
899 1354 1058 1400 esset
1097 1355 1174 1401 et·
1195 1343 1651 1413 existimaretur,
1679 1361 1882 1420 'neque
1924 1355 2129 1401 tamen
2172 1361 2238 1400 se

343 1437 614 1494 civilibus
631 1436 908 1494 fiuctibus
935 1437 1345 1504 committeret,
1368 1437 1529 1514 quod
1548 1457 1667 1496 non
1692 1437 1885 1516 magis
1910 1457 2015 1496 eos
2042 1437 2100 1494 in
2128 1457 2241 1496 sua

343 1543 632 1610 potestate
661 1529 1038 1589 existimabat
1063 1551 1216 1599 esse,
1243 1531 1347 1608 qui
1376 1552 1441 1590 se
1467 1531 1561 1590 his
1588 1531 1905 1602 dedissent,
1927 1551 2104 1609 quam
2132 1531 2241 1609 qui

341 1625 654 1683 maritimis
673 1626 1058 1703 jactarentur.
1140 1625 1420 1684 Honores
1440 1647 1561 1686 non
1582 1627 1769 1706 petiit,
1790 1646 1975 1704 quum
1994 1627 2053 1685 ei
2072 1639 2238 1706 pate-

341 1732 476 1776 rent
499 1731 749 1798 propter
765 1721 861 1776 vel
891 1719 1143 1797 gratiam
1163 1721 1263 1778 vel
1282 1720 1670 1798 dignitatem:
1708 1721 1870 1799 quod
1890 1741 2085 1798 neque
2112 1722 2243 1801 peti

344 1833 510 1870 more
539 1815 850 1891 majorum,
869 1833 1066 1890 neque
1093 1814 1228 1893 capi
1243 1828 1490 1893 possent
1516 1816 1877 1875 conservatis
1902 1816 2157 1894 legibus,
2179 1818 2239 1887 in

345 1920 470 1966 tam
501 1908 702 1966 effusis
733 1908 988 1967 ambitus
1013 1909 1441 1986 largitionibus,
1468 1930 1667 1988 neque
1702 1910 1831 1988 geri
1862 1932 1899 1970 e
1932 1911 2245 1990 republica

345 2003 474 2060 sine
495 2003 784 2081 periculo,
803 2003 1090 2082 corruptis
1108 2003 1361 2063 civitatis
1383 2005 1661 2064 moribus.
1721 2005 1825 2063 Ad
1844 2007 2071 2065 hastam
2090 2008 2243 2085 pub.-

346 2097 524 2155 licam
549 2117 850 2176 nunquam
881 2097 1146 2157 accessit.
1227 2097 1473 2158 Nullius
1502 2099 1593 2157 rei
1618 2119 1814 2177 neque
1842 2119 2013 2179 praes,
2042 2121 2243 2178 neque

346 2211 626 2271 manceps
653 2193 840 2254 factus
867 2205 972 2252 est.
1053 2193 1379 2252 Neminem
1404 2214 1603 2272 neque
1629 2213 1735 2254 suo
1762 2194 2020 2266 nomine,
2042 2215 2243 2273 neque

345 2287 737 2359 subscribens,
769 2289 1080 2348 accusavit.
1161 2289 1236 2347 In
1270 2289 1371 2367 jus
1414 2288 1493 2346 de
1537 2310 1647 2350 sua
1685 2310 1752 2348 re
1794 2310 2093 2367 nunquam
2151 2289 2240 2360 iit,

347 2380 644 2457 judicium
669 2385 896 2441 nullum
916 2384 1134 2442 habuit.
1215 2383 1541 2442 Multorum
1564 2386 1876 2443 consulum
1894 2398 2243 2463 praetorum-

345 2493 460 2548 que
493 2475 878 2551 praefecturas
912 2478 1138 2538 delatas
1179 2478 1267 2538 sic
1304 2479 1559 2558 accepit,
1587 2492 1653 2538 ut
1684 2480 1986 2538 neminem
2012 2481 2075 2538 in
2109 2502 2243 2560 pro-

345 2567 600 2625 vinciam
629 2568 708 2626 sit
732 2583 987 2642 secutus,
1013 2573 1237 2632 bonore
1264 2573 1443 2632 fuerit
1470 2587 1793 2644 contentus,
1820 2575 1913 2634 rei
1938 2575 2245 2642 familiaris

347 2660 692 2738 despexerit
737 2663 1030 2727 fructum:
1087 2669 1192 2746 qui
1231 2688 1310 2727 ne
1361 2689 1497 2727 cum
1538 2668 1619 2740 Q.
1654 2669 1898 2748 quidem
1944 2671 2244 2730 Cicerone

347 2756 598 2812 voluerit
625 2757 713 2815 ire
739 2758 800 2816 in
827 2761 1054 2834 Asiam,
1085 2783 1268 2841 quum
1302 2763 1463 2842 apud
1490 2784 1630 2822 eum
1655 2765 1837 2842 legati
1864 2767 2067 2825 locum
2094 2766 2243 2825 obti-

348 2868 494 2906 nere
535 2865 752 2926 posset.
849 2855 988 2914 Non
1029 2858 1188 2916 enim
1232 2858 1450 2917 decere
1492 2879 1563 2917 se
1608 2859 2017 2930 arbitrabatur,
2060 2882 2244 2938 quum

347 2954 664 3020 praeturam
693 2965 902 3021 gerere
926 2952 1236 3022 noluisset,
1262 2956 1551 3013 asseclam
1580 2975 1711 3014 esse
1736 2956 2025 3034 praetoris.
2103 2957 2245 3030 Qua

348 3037 412 3092 in
443 3056 509 3093 re
541 3057 660 3096 non
695 3040 888 3098 solum
915 3043 1188 3122 dignitati
1221 3049 1537 3119 serviebat,
1564 3049 1676 3107 sed
1704 3050 1884 3108 etiam
1916 3052 2243 3130 tranquilli—

349 3131 473 3201 tati,
509 3153 690 3210 quum
737 3135 1104 3212 suspiciones
1151 3163 1388 3219 quoque
1434 3144 1645 3203 vitaret
1688 3145 2019 3204 criminum.
2103 3147 2244 3219 Quo

351 3227 547 3296 fiebat,
566 3239 634 3286 ut
651 3229 784 3308 ejus
803 3230 1172 3290 observantia
1189 3237 1464 3296 omnibus
1489 3251 1654 3298 esset
1672 3240 1879 3312 carior,
1897 3237 2085 3318 quu'm
2112 3263 2245 3302 eam

351 3321 566 3392 officio,
593 3343 714 3380 non
739 3324 936 3382 timori
963 3345 1162 3402 neque
1191 3330 1325 3405 spei
1350 3333 1530 3393 trib-ui
1554 3333 1845 3394 viderent.

432 3509 578 3568 VII.
621 3512 842 3570 Incidit
869 3512 1275 3577 Caesarianum
1310 3517 1485 3576 civile
1513 3521 1755 3593 bellum,
1782 3545 1967 3601 quum
2000 3527 2245 3589 haberet

354 3623 536 3663 annos
556 3606 792 3666 circiter
811 3608 1138 3686 sexaginta.
1205 3610 1377 3670 Usus·
1390 3626 1479 3672 est
1496 3615 1683 3675 aetatis
1704 3619 2029 3690 vacatione,
2050 3641 2243 3700 neque

353 3715 420 3752 se
473 3717 774 3774 quoquam
827 3703 1010 3760 movit
1057 3724 1135 3763 ex
1189 3707 1357 3770 urbe.
1448 3707 1617 3779 ‚Quae
1666 3712 1873 3770 amicis
1922 3715 2049 3774 suis
2098 3736 2244 3796 opus
