2492 4392
406 344 491 405 98
1101 356 1169 397 u.
1200 355 1262 399 r.
1297 354 1622 401 cmmoms

406 492 625 573 partim
640 489 930 568 obliquos,
948 487 1165 567 partim
1186 490 1574 556 transvenae,
1591 484 1810 566 partim
1832 485 2016 547 etiam
2035 487 2321 549 adverso·

406 600 565 645 stare
592 585 794 644 vobist
840 604 877 641 a
894 582 1109 661 quibus
1136 594 1460 661 expectare
1489 580 1740 659 gloriam
1768 594 1930 641 certe
1955 583 2192 643 nullam
2217 604 2319 663 po-

408 680 591 741 testis.
675 678 885 737 Cernis
930 692 1129 739 autem
1172 677 1430 737 eandem
1475 690 1714 747 terram,
1747 678 1917 755 qussi
1959 678 2320 757 quibusdam

407 775 745 835 redimitam
778 787 841 833 et
872 773 1298 833 circumdatam
1331 771 1616 851 cingulisg
1658 792 1694 829 e
1719 772 1936 849 quibus
1971 772 2124 833 duos
2155 794 2320 833 max·

410 872 529 929 ime
556 868 710 929 inte’r
740 889 807 928 se
834 868 1119 939 diversos,
1148 881 1217 929 et
1248 867 1389 929 coeli
1415 868 1732 928 verticibus
1765 867 1912 947 ipsis
1947 889 2026 927 ex
2061 882 2320 948 utreque

408 978 579 1044 parte
614 963 913 1033 subnixos,
946 962 1277 1041 obriguisse
1311 962 1526 1041 pruina
1556 961 1758 1034 vides3
1807 962 2078 1023 medium
2119 977 2319 1026 autem

410 1061 599 1129 illum,
644 1072 705 1119 et
751 1058 1098 1128 maximum,
1138 1058 1278 1119 solis
1327 1056 1538 1117 ardore
1587 1057 1836 1117 torreri:
1894 1058 2046 1119 duos
2087 1060 2319 1119 habita-

411 1153 577 1222 biles,
606 1172 855 1230 quorum
884 1150 1153 1211 australis
1190 1150 1314 1219 ille,
1349 1150 1412 1209 in
1447 1170 1568 1227 quo
1607 1149 1708 1227 qui
1739 1149 2036 1221 insistunt,
2067 1150 2324 1213 adversa

410 1248 573 1309 vobis
616 1259 831 1325 urgent
855 1246 1125 1324 vestigia,
1157 1244 1306 1305 nihil
1348 1243 1424 1305 ed
1453 1256 1718 1306 vestrum
1759 1264 1967 1323 genus.
2047 1246 2178 1305 Hic
2220 1266 2320 1308 eu-
2358 1230 2375 1244 ⁸

410 1358 537 1403 tem
570 1346 722 1403 alter
754 1342 1057 1420 subjectus
1094 1338 1374 1418 aquiloni,
1403 1358 1585 1418 quem
1611 1339 1884 1410 incolitis,
1913 1359 2112 1410 cerne,
2141 1362 2323 1417 quam

410 1439 576 1499 tenui
604 1458 707 1499 vos
734 1450 905 1516 parte
940 1420 1278 1513 coniing'atz
1321 1434 1512 1494 omnis
1540 1435 1702 1494 enim
1727 1448 1906 1506 terra,
1935 1456 2069 1513 quae
2107 1436 2328 1499 colitur

414 1554 451 1593 a
474 1534 661 1604 vobis,
684 1546 934 1611 angusta
958 1531 1296 1601 verticibus,
1314 1530 1602 1591 lateribus
1627 1529 1819 1601 latior,
1840 1550 2022 1609 parva
2048 1531 2328 1608 quaedam

412 1629 607 1688 insula
648 1640 759 1699 est,
793 1627 1152 1689 circumfusa
1188 1626 1296 1687 ino
1343 1626 1512 1697 muri,
1545 1624 1706 1703 quod
1737 1626 2130 1698 Atlanticum,
2161 1626 2326 1705 quod

414 1725 727 1803 Magnum,
756 1744 933 1801 quem
962 1722 1272 1783 Oceanum
1299 1722 1614 1801 appellatis
1640 1722 1703 1783 iu
1729 1722 1944 1783 terris:
1987 1722 2090 1800 qui
2103 1734 2334 1795 tamen,

412 1833 573 1879 tanto
599 1818 859 1888 nomine,
888 1836 1068 1895 quam
1096 1818 1171 1877 sit
1198 1836 1432 1897 parvus,
1457 1816 1643 1879 vides.
1723 1816 1827 1877 Ex
1851 1817 1944 1877 his
1969 1817 2120 1897 ipsis
2147 1818 2328 1879 cultis

412 1916 689 1992 notisque
735 1913 925 1983 terris,
959 1932 1105 1974 num
1148 1925 1257 1973 sut
1298 1924 1470 1973 tuum
1515 1925 1620 1973 sut
1666 1914 2014 1992 cujusquam
2055 1925 2331 1973 nostrum

413 2030 649 2079 nomen,
683 2010 779 2069 vel
813 2009 1149 2067 Caucasum
1195 2008 1374 2077 hunc,
1417 2028 1599 2087 quem
1643 2008 1858 2078 cernis.
1899 2008 2332 2069 transcendere

414 2106 631 2186 potuit,
681 2106 776 2163 vel
834 2104 1005 2165 illum
1054 2104 1336 2183 Gangem
1385 2104 1666 2167 transtu
1763 2102 1920 2175 Quis
1969 2103 2030 2161 in
2076 2104 2334 2183 reliquis

414 2202 675 2271 orientis,
710 2214 809 2261 aut
840 2199 1117 2261 obeuntis
1148 2199 1294 2269 solis
1323 2198 1555 2269 ultimis,
1591 2210 1692 2261 aut
1725 2198 2038 2277 aquilonis,
2070 2200 2334 2260 austrive

414 2298 687 2375 partibus
718 2310 888 2357 tuum
914 2316 1135 2359 nomen
1163 2294 1413 2357 eudicti
1495 2294 1737 2367 Quibus
1771 2294 2102 2374 amputatis,
2134 2296 2335 2355 cernis

416 2392 699 2469 profecto,
722 2391 955 2469 quantia
980 2392 1043 2451 in
1072 2390 1358 2469 angustiis
1377 2402 1574 2451 vestra
1598 2410 1664 2449 se
1691 2390 1882 2469 gloria
1909 2390 2145 2451 dilatari
2166 2390 2332 2451 velit.

420 2485 548 2565 Ipsi
576 2498 793 2555 autem,
822 2489 925 2563 qui
952 2486 1029 2549 de
1054 2486 1223 2549 vobis
1251 2488 1592 2565 loquuntur,
1621 2506 1801 2565 quam
1829 2486 1932 2545 diu
1960 2487 2286 2563 loquentur
2307 2488 2336 2547 ’ἰ

500 2676 649 2735 VII.
690 2674 1058 2748 Quinetiam,
1084 2678 1137 2737 si
1168 2677 1374 2756 cupiat
1406 2677 1608 2755 proles
1639 2676 1746 2738 ills
1775 2675 2107 2737 futurorum
2139 2677 2334 2736 homi-

421 2792 567 2831 num
600 2771 884 2849 deinceps
918 2772 1123 2833 laudes
1162 2772 1632 2850 uniuscujusque
1671 2784 1942 2833 nostrum
1983 2791 2020 2831 a
2061 2772 2335 2851 patribus

426 2878 703 2945 acceptas
728 2867 977 2946 posteris
1006 2866 1294 2947 prodere3
1329 2879 1527 2924 tamen
1549 2879 1796 2945 propter
1823 2866 2126 2925 eluviones
2155 2888 2336 2930 exus-

388 2965 399 2984 '
425 2952 733 3039 tionesque
766 2974 1079 3033 terrarum,
1106 2982 1254 3040 quas
1289 2962 1566 3022 accidere
1591 2974 1861 3041 tempore
1889 2974 2056 3022 certo
2079 2982 2337 3024 necesse

422 3070 534 3127 est,
567 3078 697 3135 non,
730 3058 905 3117 modo
946 3070 1250 3129 aetemam,
1291 3057 1402 3119 sed
1433 3078 1512 3117 ne
1545 3056 1884 3119 diuturnam
1917 3054 2163 3136 quidem
2203 3059 2336 3135 glo-

424 3152 575 3213 riam
622 3154 861 3233 assequi
908 3172 1239 3233 possumus.
1337 3152 1510 3225 Quid
1553 3165 1756 3213 autem
1807 3152 2076 3222 interest.
2117 3154 2195 3213 ab
2238 3153 2339 3225 iis,

422 3249 529 3327 qui
570 3262 777 3328 postea
816 3263 1152 3320 nascentur,
1184 3268 1527 3311 sermonem
1560 3248 1690 3311 fore
1731 3248 1809 3309 de
1851 3262 1932 3319 te,
1966 3270 2102 3310 cum
2149 3250 2228 3313 ab
2261 3251 2340 3311 iis

422 3347 625 3405 nullus
643 3345 843 3414 fuerit,
862 3344 965 3423 qui
986 3358 1123 3405 ante
1144 3344 1265 3404 nati
1281 3346 1458 3407 santi
1474 3342 1577 3423 qui
1606 3364 1719 3405 nec
1739 3344 2072 3423 pauciores,
2087 3357 2148 3405 et
2169 3359 2338 3407 certe

423 3442 705 3501 meliores
736 3440 973 3499 fuerunt
1005 3439 1153 3501 viri:
1204 3460 1344 3499 cum
1376 3438 1710 3519 praesertim
1751 3440 1922 3519 apud
1945 3460 2052 3500 eos
2085 3440 2270 3519 ipsos,
2302 3462 2343 3501 a

421 3536 640 3613 quibus
686 3535 879 3595 audiri
920 3554 1139 3595 nomen
1182 3548 1456 3595 nostrum
1502 3547 1714 3614 potest,
1748 3555 1925 3595 nemo
1971 3535 2150 3605 unius
2197 3538 2344 3600 anni

424 3632 777 3691 memoriam
820 3630 1107 3707 consequi
1149 3629 1375 3709 possiti
1438 3630 1712 3691 homiues
1760 3631 1920 3691 enim
1967 3634 2346 3712 populariter

427 3743 652 3783 ,sunum
676 3724 1091 3786 tantummodo
1117 3726 1278 3797 solis,
1307 3724 1368 3785 id
1397 3738 1510 3798 est,
1537 3726 1714 3792 unius
1743 3727 1906 3797 astri,
1931 3727 2140 3791 reditu
2169 3731 2346 3793 meti-
