2492 4392
414 358 498 417 38
957 370 1023 412 u.
1057 370 1114 411 r.
1151 368 1479 413 mci-:nome
1516 367 1776 419 Lamus,

413 520 481 565 ut
513 500 658 563 mihi
683 500 922 571 videris,
947 520 1066 559 non
1099 512 1265 558 recte
1297 498 1533 603 judicas
1561 498 1639 557 do
1669 496 1918 557 Catone.
1998 500 2138 559 Aut
2176 501 2378 559 enim

412 620 609 668 nemo,
643 596 804 675 quod
848 594 1090 673 quidem
1131 594 1325 672 magis
1368 576 1566 663 crede,
1602 605 1721 661 aut,
1756 593 1805 651 si
1846 593 2201 671 quisquam,
2242 596 2373 653 ille

411 694 648 773 sapiens
669 692 794 751 fuit.
867 690 1208 763 Quomodo,
1227 702 1293 747 ut
1314 688 1429 746 alia
1447 688 1733 760 omittam,
1750 700 2005 747 mortem
2026 689 2147 746 filii
2170 690 2365 750 tulit!

413 789 809 849 Memineram
837 786 1117 855 Paulum,
1147 784 1414 843 videram
1442 784 1723 841 Gallum:
1768 783 1874 841 sod
1903 782 1965 840 hi
1993 783 2054 841 in
2088 785 2327 862 pueris
2341 808 2361 857 3

413 886 566 944 Cato
593 882 653 940 in
681 881 954 961 perfecto
981 894 1044 939 et
1075 892 1349 959 spectato
1376 878 1521 937 viro·
1606 882 1699 937 10.
1732 878 2160 951 Quamobrem
2192 900 2361 938 cave

411 978 628 1038 Catoni
662 990 999 1056 anteponas,
1028 996 1104 1033 ne
1138 976 1317 1035 istum
1350 973 1595 1051 quidem
1626 972 1843 1053 ipsum,
1872 994 2055 1051 quem
2083 975 2356 1053 Apollo,

412 1087 478 1133 ut
511 1073 616 1142 ais,
645 1072 1146 1151 sapientissimum
1177 1070 1509 1149 judicavit:
1551 1070 1727 1148 hujus
1768 1069 1929 1129 enim
1961 1069 2144 1140 facta,
2174 1070 2352 1128 illius

411 1170 567 1228 dicta
599 1168 931 1229 laudantur.
1015 1166 1114 1226 De
1147 1187 1246 1225 me
1284 1178 1505 1237 autem,
1532 1177 1599 1225 ut
1623 1165 1755 1243 jam
1788 1185 1924 1225 cum
1957 1178 2223 1243 utroque
2254 1168 2349 1225 lo-

412 1284 582 1343 quar,
608 1264 694 1323 sic
717 1264 1016 1323 habetote.

491 1456 610 1515 111.
645 1456 800 1534 Ego,
819 1456 871 1514 si
887 1455 1182 1535 Scipionis
1197 1455 1503 1515 desiderio
1524 1476 1622 1515 me
1642 1455 1871 1514 moveri
1888 1475 2127 1535 negem,
2146 1475 2337 1533 quam

411 1552 477 1609 id
519 1563 680 1610 recte
723 1550 955 1621 faciam,
989 1550 1244 1609 viderint
1291 1551 1630 1630 sapientes;
1692 1536 1799 1609 sed
1842 1564 2003 1609 certe
2052 1550 2334 1609 mentiar.

414 1646 666 1705 Moveor
691 1646 854 1705 enim
879 1648 982 1705 tali
1011 1646 1204 1705 amico
1230 1646 1489 1717 orbatus,
1512 1646 1720 1724 qualis,
1748 1657 1815 1704 ut
1842 1632 2115 1715 arbitror,
2145 1666 2333 1703 nemo

412 1762 677 1819 unquam
697 1741 838 1813 erit3
875 1753 940 1799 ut
961 1728 1312 1800 confirmare*
1330 1762 1587 1821 possum,
1606 1762 1785 1801 nemo
1806 1754 1971 1799 certe
1992 1740 2120 1799 fuit.
2196 1741 2330 1799 Sed

409 1857 527 1895 non
561 1857 713 1916 egeo
743 1823 1076 1907 medicina}
1119 1856 1218 1895 me
1246 1837 1379 1917 ipse
1406 1840 1694 1908 consolor,
1724 1848 1787 1897 et
1806 1836 2067 1919 maxime
2093 1836 2202 1895 illo
2236 1856 2328 1894 so-

409 1933 572 2003 latio,
604 1932 762 2011 quod
793 1953 868 1991 eo
895 1953 1097 1991 errore
1125 1953 1326 2003 careo,
1356 1953 1475 2010 quo
1508 1934 1835 1992 amicorum
1865 1932 2113 1991 decessu
2142 1932 2323 2011 pleri-

410 2050 526 2108 que
575 2030 711 2108 angi
757 2031 965 2089 solent.
1062 2029 1235 2087 Nihil
1280 2030 1440 2088 enim
1490 2030 1777 2089 accidisse
1824 2029 2095 2107 Scipioni
2138 2043 2320 2108 put03

409 2124 554 2183 mihi
585 2126 816 2195 accidit,
846 2125 896 2185 si
924 2125 1067 2211 quid
1097 2125 1346 2185 accidit.
1392 2126 1515 2183 suis
1544 2137 1743 2184 autem
1770 2123 2161 2183 incommodis
2188 2146 2318 2203 gra-

406 2221 558 2280 viter
576 2222 713 2299 angi
727 2243 849 2279 non
868 2222 1146 2291 amicum,
1164 2222 1275 2279 sed
1290 2220 1551 2299 seipsum
1570 2221 1818 2279 amantis
1840 2234 1948 2280 est.
2033 2226 2063 2303 1
2076 2224 2126 2279 1.
2163 2222 2317 2280 Cum

408 2317 514 2375 illo
553 2338 696 2375 vero
731 2316 865 2403 quis
903 2330 1087 2395 neget
1127 2330 1327 2376 actum
1368 2336 1500 2375 esse
1540 2306 1879 2395 praeclarel
1964 2296 2103 2375 Nisi
2143 2316 2314 2386 enim,

409 2409 570 2488 quod
605 2411 706 2469 ille
745 2412 990 2471 minime
1031 2414 1295 2492 putabat,
1323 2411 1828 2471 immortalitatem
1870 2427 2078 2492 optare
2110 2414 2311 2483 vellet,

410 2505 553 2585 quid
589 2526 708 2563 non
741 2520 832 2565 est
867 2506 1138 2586 adeptus,
1169 2508 1331 2586 quod
1359 2507 1583 2566 homini
1609 2508 1697 2567 fas
1730 2522 1889 2567 esset
1922 2509 2169 2586 optare'l
2211 2508 2311 2585 qui

408 2621 704 2660 summam
731 2622 901 2679 spem
927 2602 1161 2673 civium,
1191 2624 1372 2681 quam
1402 2603 1480 2661 de
1508 2624 1582 2662 eo
1598 2604 1726 2682 jam
1755 2624 1946 2683 puero
1972 2604 2307 2671 habuerant,

410 2696 688 2756 continuo
717 2696 1062 2755 adolescens
1083 2696 1418 2757 incredibili
1436 2700 1653 2758 virtute
1682 2698 1986 2777 superavit
2002 2720 2018 2770 ς
2056 2698 2155 2775 qui
2178 2720 2306 2756 con-

409 2793 667 2851 sulatum
711 2792 882 2872 petiit
926 2813 1247 2870 nunquam,
1283 2794 1475 2853 factus
1518 2808 1611 2854 est
1652 2795 1865 2853 consul
1884 2794 2010 2863 bis;
2054 2794 2303 2873 primum

409 2900 546 2945 ante
581 2901 852 2996 tempus;
895 2887 1108 2945 iterum
1143 2888 1259 2946 sibi
1292 2910 1401 2947 suo
1434 2902 1728 2998 tempore,
1762 2889 2107 2967 reipublicae
2138 2910 2301 2967 paene

407 3003 574 3042 sero·
558 3028 573 3055 ‚
633 2984 757 3059 qui,
808 2982 1036 3042 duabus
1065 2984 1310 3043 urbibus
1338 2985 1581 3052 eversis,
1605 2984 2022 3043 inimicissimis
2044 2985 2216 3043 huic
2200 3006 2298 3043 im-

410 3077 596 3157 perio,
624 3096 743 3135 non
775 3078 958 3137 modo
984 3078 1319 3158 praesentia,
1346 3099 1557 3137 verum
1594 3079 1771 3137 etiam
1799 3079 1998 3137 futura
2028 3062 2181 3138 belsa
2206 3080 2299 3139 de-

410 3171 568 3231 levit.
648 3172 819 3245 Quid
847 3172 1042 3231 dicam
1082 3173 1159 3232 de
1199 3174 1469 3233 moribus
1500 3173 1844 3234 facillimis?
1886 3159 1963 3233 de
1997 3174 2213 3253 pietate
2242 3176 2297 3233 in

407 3280 657 3327 matrem
676 3269 700 3327 ‘l
741 3268 1095 3327 liberalitate
1117 3268 1179 3327 in
1201 3288 1431 3327 sorores
1449 3270 1473 3328 ’ζ
1505 3269 1769 3327 bonitate
1790 3269 1850 3325 in
1870 3270 2050 3328 suos'l
2082 3271 2297 3349 justitia

407 3364 470 3421 in
497 3365 751 3425 omnes‘l
833 3364 996 3423 Nota
1020 3377 1156 3423 sunt
1175 3364 1363 3423 vobis.
1445 3365 1649 3436 Quam
1672 3376 1873 3421 autem
1902 3364 2121 3423 civitati
2141 3387 2294 3435 carus

405 3460 605 3532 fuerit,
641 3481 894 3520 moerore
925 3460 1150 3519 funeris
1183 3459 1527 3518 indicatum
1554 3471 1657 3517 est.
1748 3459 1918 3539 Quid
1946 3460 2126 3539 igitur
2153 3464 2293 3521 hunc

405 3575 737 3634 paucorum
780 3576 1071 3615 annorum
1113 3552 1377 3615 accessio
1406 3556 1623 3633 juvare
1663 3556 1997 3633 potuisset?
2046 3570 2293 3616 senectus

409 3650 587 3723 enim,
616 3652 884 3729 quamvis
922 3672 1044 3710 non
1083 3650 1160 3709 sit
1199 3650 1415 3728 gravis,
1445 3663 1512 3708 ut
1552 3650 1799 3709 memini
1828 3652 2117 3711 Catonem
2156 3673 2293 3712 anno

409 3758 566 3816 ante,
595 3766 778 3823 quam
819 3758 1084 3806 mortuus
1126 3758 1234 3816 est,
1262 3764 1503 3805 mecum
1545 3758 1607 3805 et
1646 3766 1782 3806 cum
1815 3746 2097 3826 Scipione
2130 3747 2289 3807 disse-
