2492 4392
669 390 819 433 srva
857 390 939 433 nn
975 390 1591 459 sannorurneg-car.
1621 392 1708 435 vt.
2102 378 2147 437 ‘1

212 536 406 583 tamen
443 520 992 583 administrentur?
1075 523 1241 582 Nihil
1272 542 1417 601 ergo
1446 523 1664 601 agebat
1694 522 1775 594 Q.
1798 523 2146 583 Maximus!

213 618 358 677 nihil
391 620 466 677 L.
491 620 762 687 Paulus,
792 631 964 697 pater
1003 632 1158 688 tuus,
1188 618 1412 697 Scipio,
1442 638 1612 676 socer
1646 614 1853 697 optimi
1884 620 2011 689 viri,
2042 622 2147 677 filii

209 714 376 773 mei?
421 716 620 775 ceteri
651 734 850 785 senes,
881 714 1162 785 Fabricii,
1191 716 1379 783 Curii,
1409 715 1789 785 Coruncanii,
1818 736 1951 774 cum
1994 738 2143 775 rem-

209 811 524 889 publicam
579 812 841 871 consilio
881 824 944 869 et
990 810 1337 869 auctoritate
1376 810 1789 879 defendebant,
1826 812 1965 869 nihil
2008 832 2143 890 age-

209 904 392 965 bant?
469 912 570 965 16.
601 906 709 965 Ad
737 905 929 986 Appii
958 904 1199 965 Claudii
1215 919 1584 965 senectutem
1608 906 1929 965 accedebat
1944 908 2143 977 etiam,

210 1013 280 1059 ut
305 1020 514 1061 coecus
545 1016 748 1063 esset:
785 1014 984 1059 tamen
1005 1001 1073 1070 is,
1095 1020 1234 1059 cum
1262 1002 1555 1060 sententia
1580 1014 1819 1061 senatus
1838 1002 2145 1061 inclinaret

211 1094 290 1155 ad
311 1118 538 1177 pacem
571 1118 712 1157 cum
737 1098 969 1175 Pyrrho
987 1096 1303 1173 soedusque
1324 1095 1687 1166 faciendum,
1708 1116 1823 1155 non
1854 1098 2145 1157 dubitavit

213 1189 418 1251 dicere
445 1194 577 1263 illa,
603 1214 741 1271 quae
770 1193 1038 1251 versibus
1066 1205 1415 1271 persecutus
1442 1206 1535 1251 est
1564 1192 1794 1251 Ennius
1816 1214 1829 1251 ε

466 1290 610 1366 Quo
637 1290 799 1347 vobis
826 1300 1050 1357 mentes,
1076 1300 1242 1346 rectoe
1256 1288 1397 1365 ‘quoe
1422 1298 1577 1346 stare
1602 1288 1857 1347 solebant

462 1386 759 1455 Antehac,
787 1384 1066 1442 dementes
1089 1404 1205 1441 sese
1219 1382 1441 1461 flexere
1468 1384 1593 1441 viai
1613 1384 1650 1447 K

211 1490 558 1557 ceteraque
595 1480 973 1559 gravissime:
1019 1494 1226 1539 notum
1261 1481 1421 1539 enim
1450 1478 1617 1538 vobis
1648 1500 1883 1539 carmen
1920 1493 2043 1551 est3
2086 1492 2147 1539 et

212 1586 428 1634 tamen
454 1577 652 1655 ipsius
672 1576 860 1654 Appii
883 1588 1042 1633 extat
1071 1575 1279 1633 oratio,
1357 1575 1560 1652 Atque
1581 1577 1709 1634 haec
1734 1576 1835 1635 ille
1864 1576 1987 1653 egit
2013 1596 2145 1654 sep·
2220 1584 2224 1593 '

209 1680 344 1728 tem
381 1685 450 1731 et
485 1672 702 1729 decem
737 1671 906 1729 annis
938 1683 1075 1749 post
1111 1672 1360 1729 alterum
1392 1672 1781 1741 consulatum,
1820 1690 1955 1731 cum
1990 1672 2147 1729 inter

213 1764 374 1825 duos
413 1769 766 1827 consulatus
793 1768 930 1825 anni
959 1767 1168 1825 decem
1197 1766 1623 1837 interfuissent,
1646 1788 1975 1845 censorque
2004 1782 2144 1825 ante

217 1864 608 1941 superiorem
639 1864 1009 1921 consulatum
1031 1861 1273 1933 suisset3
1310 1883 1388 1921 ex
1408 1884 1525 1941 quo
1545 1864 1912 1941 intelligitur,
1934 1862 2146 1939 Pyrrhi

219 1956 392 2015 bello
422 1958 716 2038 grandem
747 1978 888 2017 sane
909 1956 1122 2028 fuisse3
1158 1972 1220 2016 et
1240 1972 1437 2017 tamen
1463 1960 1551 2016 sic
1576 1978 1611 2016 a
1630 1958 1897 2037 patribus
1920 1958 2147 2035 accepi·

224 2071 386 2111 mus.
474 2060 571 2113 17.
607 2052 772 2113 Nihil
799 2052 984 2130 igitur
1009 2052 1281 2122 afferunt,
1312 2052 1503 2129 quiin
1536 2072 1603 2111 re
1639 2052 1903 2129 gerenda
1929 2050 2147 2109 versari

231 2162 610 2207 senectutem
647 2160 882 2225 negant,
912 2144 1255 2226 similesque
1291 2158 1445 2216 sunt,
1476 2160 1559 2216 ut,
1590 2148 1639 2205 si
1667 2146 1767 2223 qui
1796 2148 2145 2223 gubernato·

229 2262 368 2302 rem
400 2246 460 2302 in
489 2242 824 2321 navigando
851 2242 992 2299 nihil
1021 2262 1200 2321 agere
1231 2242 1451 2312 dicant,
1475 2262 1611 2299 cum
1641 2242 1742 2299 alii
1772 2243 1956 2299 malos
1984 2260 2147 2299 scan-

235 2338 398 2409 dant,
427 2339 530 2399 alii
559 2359 668 2417 per
696 2338 852 2399 foros
882 2352 1134 2407 cursent,
1165 2338 1261 2397 alii
1291 2338 1579 2396 sentinam
1625 2334 2001 2411 exhauriant,
2044 2338 2145 2395 ille

239 2434 496 2514 [autem]
543 2436 776 2495 clavum
819 2448 1031 2493 tenens
1073 2434 1309 2512 quietus
1354 2434 1559 2493 sedeat
1600 2433 1661 2491 in
1702 2434 1906 2512 puppi.
1998 2434 2172 2501 an„
2218 2420 2270 2499 (ζ

235 2530 379 2591 facit
419 2553 514 2611 eg,
543 2531 986 2608 qum-juxenesz
1031 2542 1092 2587 at
1123 2550 1267 2588 vero
1308 2532 1495 2589 multo
1537 2531 1763 2608 majora
1803 2544 1861 2588 et
1900 2530 2147 2589 meliora

237 2626 394 2686 facit.
479 2628 626 2685 Non
657 2626 902 2695 viribus,
937 2638 1041 2684 aut
1072 2625 1503 2695 velocitatibus,
1539 2640 1637 2685 aut
1678 2627 1979 2685 celeritate
2020 2646 2146 2684 cor-

239 2742 454 2801 porum
501 2742 602 2781 res
647 2728 884 2799 magnae
933 2734 1251 2799 geruntur;
1310 2721 1413 2779 sed
1468 2722 1733 2791 consili0,
1780 2723 2147 2798 auctoritate,

241 2820 570 2889 sententia3
613 2818 830 2895 quibus
856 2837 974 2875 non
1001 2810 1182 2874 modo
1212 2836 1329 2874 non
1358 2817 1571 2885 orbari,
1600 2816 1704 2875 sed
1738 2817 1913 2875 etiam
1946 2816 2148 2894 augeri

241 2922 522 2975 senectus
555 2916 723 2974 solet.
809 2918 900 2972 18.
935 2904 1073 2973 Nisi
1099 2913 1251 2973 forte
1286 2932 1402 2991 ego
1430 2913 1617 2982 vobis,
1644 2912 1747 2989 qui
1776 2924 1837 2970 et
1873 2912 2059 2977 miles,
2092 2925 2150 2969 et

239 3013 534 3080 tribunus,
556 3024 617 3069 et
637 3012 891 3089 legatus,
911 3023 971 3067 et
989 3010 1192 3067 consul
1212 3021 1474 3067 versatus
1502 3028 1632 3066 aum
1656 3008 1715 3064 in
1740 3008 1901 3067 vario
1930 3026 2149 3085 genere

241 3110 558 3177 bellorum,
587 3124 822 3165 cessare
855 3126 1014 3165 nunc
1050 3104 1277 3174 videor,
1308 3124 1445 3163 cum
1473 3102 1630 3165 bella
1663 3124 1779 3162 non
1822 3124 1984 3182 gero.
2070 3103 2151 3159 At

241 3206 495 3275 senatui,
525 3224 660 3281 quae
703 3202 823 3261 sint
863 3201 1142 3279 gerenda,
1171 3200 1511 3279 praescribo,
1540 3212 1601 3257 et
1632 3198 1961 3275 quomodo:
2006 3196 2149 3253 Car-

239 3302 486 3381 thagini,
509 3301 668 3359 male
687 3300 820 3378 jam
841 3297 944 3355 diu
973 3298 1275 3374 cogitanti,
1292 3296 1515 3354 bellum
1540 3294 1731 3353 multo
1758 3307 1893 3353 ante
1922 3293 2151 3349 denun-

239 3400 358 3471 tio;
393 3398 472 3457 de
499 3418 618 3475 qua
645 3394 840 3455 vereri
869 3414 984 3451 non
1013 3406 1148 3452 ante
1176 3393 1467 3460 desinam,
1496 3410 1671 3468 quam
1701 3389 1863 3445 illam
1892 3383 2154 3442 excisam

243 3514 374 3553 ease
397 3510 757 3571 cognovero.
821 3494 912 3548 192
936 3488 1140 3561 Quam
1157 3490 1417 3567 palmam
1438 3486 1657 3543 utinam
1676 3481 1759 3538 dii
1774 3478 2153 3547 immortales,

243 3590 465 3669 Scipio,
493 3588 608 3647 tibi
640 3598 962 3653 reservent,
991 3598 1058 3644 ut
1092 3586 1190 3643 avi
1223 3581 1508 3657 reliquiae
1540 3573 1939 3655 persequare!
1986 3574 2154 3650 cujus

243 3706 278 3747 a
295 3699 494 3747 morte
514 3682 734 3743 tertius
753 3680 850 3740 hic
871 3694 930 3739 et
951 3681 1285 3741 tricesimus
1312 3680 1502 3735 annus
1530 3684 1646 3732 eat:
1684 3666 1790 3727 sed
1813 3671 2159 3728 memoriam

239 3784 396 3845 illins
417 3781 532 3843 viri
553 3796 770 3839 omnes
797 3776 1098 3854 excipient
1123 3772 1265 3834 anni
1284 3777 1738 3846 consequentes.
1818 3767 1995 3826 Anno
2022 3779 2161 3827 ante
