2492 4392
621 377 761 419 sivn
800 377 888 417 ns
925 375 1543 427 εεηεοτστε.-σᾼι».
1570 377 1679 428 nn,
1704 378 1766 418 v.
2122 365 2161 420 5

249 529 370 566 cum
398 505 584 588 plafie
614 507 864 588 grandis
893 519 1070 577 esset,
1100 519 1162 566 et
1187 507 1597 566 Hannibalem
1614 508 1969 586 juveniliter
1994 509 2163 568 exul·

247 617 460 662 tantem
482 605 776 683 patientia
801 623 916 662 sua
933 605 1269 665 molliebat:
1305 604 1383 662 de
1406 624 1525 682 quo
1544 605 1833 684 praeclare
1852 603 2161 664 familiaris

243 684 436 760 noster
462 701 722 767 Ennius,
1110 709 1118 714 “

405 797 568 856 Unus
593 797 766 854 homo
791 796 956 854 nobis
980 795 1301 856 cunctando
1323 797 1575 856 restituit
1596 816 1715 854 rem
1735 819 1758 854 .·

393 894 532 952 Nem
561 893 716 951 euim
738 907 994 952 rumores
1016 893 1273 968 ponebat
1296 903 1432 950 ante
1457 892 1719 950 salutem.

393 989 574 1066 Ergo
594 999 840 1065 postque
863 989 1171 1066 magisque
1193 988 1313 1046 viri
1336 1007 1487 1046 nunc
1510 988 1713 1064 gloria
1738 988 1932 1048 claret.

246 1088 334 1142 11.
370 1085 706 1143 Tarentum
745 1103 890 1142 vero
929 1103 1048 1161 qua
1087 1083 1416 1162 vigilantia,
1444 1103 1567 1162 quo
1606 1085 1853 1142 consilio
1890 1086 2153 1164 recepit!

243 1200 374 1238 cum
403 1181 675 1258 quidem,
701 1201 802 1238 me
831 1180 1128 1249 audiente,
1151 1181 1493 1250 Salinatori,
1518 1181 1641 1258 qui,
1670 1181 1887 1240 amisso
1914 1182 2157 1262 oppido,

243 1274 476 1352 fugerat
502 1278 558 1334 in
597 1295 818 1344 arcem,
847 1275 1125 1354 glorianti
1161 1290 1341 1353 atque
1374 1275 1459 1333 ita
1484 1274 1740 1335 dicenti:
1786 1278 1929 1336 M'ea
1960 1299 2157 1354 opera,

246 1371 316 1446 Q.
335 1374 521 1443 Fabi,
552 1373 867 1432 Tarentum
905 1374 1166 1448 recepisti
1184 1395 1204 1429 .-
1261 1372 1441 1440 C'erte‚
1474 1371 1669 1450 inquit
1706 1372 1943 1432 ridens:
1998 1395 2157 1446 nam,

240 1469 354 1526 nixi
381 1480 445 1527 tu
471 1470 780 1538 amisisses,
807 1489 1100 1546 nunquam
1126 1469 1473 1544 recepissem.
1555 1468 1691 1527 Nec
1718 1487 1863 1528 vero
1890 1470 1949 1528 in
1982 1470 2159 1530 armis

242 1567 634 1642 praestantior,
657 1583 838 1644 quam
861 1565 920 1622 in
951 1578 1128 1644 toga3
1165 1565 1271 1642 qui
1292 1565 1495 1622 consul
1516 1567 1747 1634 iterum,
1766 1565 1873 1646 Sp.
1891 1565 2159 1626 Carvilio

243 1660 476 1740 collega
502 1660 872 1738 quiescente,
895 1661 968 1719 C.
1000 1661 1301 1718 Flaminio
1326 1661 1565 1718 tribuno
1592 1661 1803 1740 plebis,
1830 1661 2027 1738 quoad
2054 1683 2157 1741 po-

243 1754 373 1824 tuit,
401 1756 635 1824 restitit,
667 1775 875 1834 agrum
905 1755 1220 1814 Picentem
1263 1770 1327 1816 et
1358 1757 1656 1816 Gallicum
1690 1759 1913 1816 viritim
1954 1772 2162 1816 contra

245 1865 484 1910 senatus
523 1851 938 1910 auctoritatem
971 1851 1296 1911 dividenti:
1340 1873 1651 1932 augurque
1690 1873 1829 1912 cum
1862 1867 2045 1922 esset,
2071 1854 2159 1912 di-

246 1965 384 2004 cere
407 1968 580 2006 ausus
603 1961 710 2018 est,
727 1949 962 2023 optimis
981 1949 1261 2024 auspiciis
1288 1969 1357 2006 ea
1379 1951 1533 2023 geri,
1552 1969 1679 2026 quoe
1696 1969 1813 2024 pro
1830 1948 2161 2023 reipublic-a

247 2043 804 2120 salutegererentur;
839 2065 964 2120 quae
979 2055 1177 2102 contra
1197 2045 1615 2119 rempublicam
1622 2043 1944 2120 fer-rentur,
1962 2054 2159 2102 eontra

249 2141 510 2215 auspicia
529 2140 710 2219 ferri.
797 2141 888 2198 12.
931 2139 1122 2198 Multa
1153 2140 1218 2198 in
1261 2161 1337 2198 eo
1370 2138 1499 2196 viro
1540 2139 1827 2216 praeclara
1866 2139 2157 2216 cognovi3

249 2235 356 2291 sed
379 2237 522 2293 nihil
555 2248 645 2293 est
672 2235 1096 2305 admirabilius,
1119 2257 1297 2313 quam
1322 2233 1623 2312 quomodo
1644 2235 1747 2292 ille
1776 2247 2025 2293 mortem
2056 2234 2161 2291 filii

249 2330 399 2400 tulit,
429 2331 572 2390 clari
603 2331 718 2389 viri
753 2345 815 2389 et
857 2333 1206 2390 consularis.
1298 2333 1413 2390 Est
1446 2331 1507 2390 in
1548 2331 1823 2389 manibus
1858 2313 2159 2390 laudatio:

251 2419 423 2503 quam
443 2449 581 2486 cum
602 2429 878 2506 legimus,
899 2447 1078 2504 quem
1099 2429 1523 2508 philosophum
1550 2449 1667 2486 non
1690 2429 2119 2486 contemnimus
2140 2429 2155 2486 !

251 2521 384 2582 Nec
415 2545 564 2582 vero
590 2525 694 2582 ille
722 2524 782 2582 in
811 2527 948 2582 luce
981 2523 1184 2593 modo,
1215 2537 1389 2601 atque
1424 2523 1485 2582 in
1518 2524 1709 2583 oculis
1744 2523 1961 2582 civium
1996 2545 2159 2601 mag-

247 2637 392 2690 nus;
435 2619 540 2678 sed
577 2620 755 2690 intus,
781 2619 1066 2696 domique
1107 2621 1495 2697 praestantior.
1582 2619 1712 2691 Qui
1746 2621 1979 2679 sermo!
2024 2639 2159 2696 quae

247 2719 588 2796 praecepta!
636 2731 858 2794 quanta
885 2714 1092 2773 notitia
1121 2715 1521 2791 antiquitatis!
1566 2737 1701 2792 quae
1730 2715 1977 2773 scientia
2000 2714 2159 2793 juris

248 2811 512 2890 augurii!
549 2813 750 2870 multae
778 2812 978 2880 etiam,
998 2824 1064 2869 ut
1083 2811 1142 2868 in
1165 2812 1403 2869 homine
1422 2811 1715 2880 Romano,
1732 2811 1939 2869 literae.
1956 2797 1979 2814 ⁸
2020 2810 2161 2872 Otu-

248 2907 347 2966 nia
391 2907 682 2966 memoria
726 2909 987 2976 tenebat,
1027 2927 1148 2964 non
1197 2907 1522 2966 domestica
1568 2909 1781 2974 solum,
1822 2907 1929 2964 sed
1976 2907 2159 2963 etiam

249 3017 494 3061 externa
515 3003 700 3061 bella:
739 3003 911 3080 cujus
933 3019 1202 3061 sermone
1224 3003 1307 3061 ita
1327 2979 1453 3060 t⁸um
1475 3002 1693 3082 cupide
1714 3003 1973 3070 fruebar,
1994 3001 2161 3078 quasi

249 3100 378 3178 jam
419 3099 748 3156 divinarem
791 3098 872 3169 id,
907 3098 1065 3176 q'uod
1107 3095 1324 3169 evenit,
1366 3098 1473 3157 illo
1514 3099 1793 3168 extinctO,
1828 3098 1959 3156 fore
2002 3097 2161 3155 unde

249 3194 545 3252 discerem
572 3195 891 3252 neminem.

326 3385 400 3444 V.
449 3390 540 3444 13.
583 3386 892 3458 Quorsum
935 3387 1120 3466 igitur
1157 3388 1289 3446 haec
1328 3399 1448 3446 tam
1490 3388 1677 3445 multa
1716 3383 1796 3441 de
1839 3379 2163 3440 Maximo‘l

245 3482 384 3559 quia
417 3481 692 3561 profecto
719 3483 950 3554 videtis,
973 3485 1148 3542 'nefas
1184 3505 1318 3542 esse
1349 3482 1528 3552 dictu,
1558 3481 1836 3538 miseram
1864 3474 2164 3535 fuisse‘ta-

243 3578 364 3636 lem
394 3591 789 3636 senectutem.
871 3577 1006 3638 Nec
1030 3593 1230 3637 tamen
1260 3597 1472 3652 omnes
1499 3583 1749 3656 possunt
1776 3591 1909 3628 esse
1937 3571 2163 3650 Scipio·

243 3694 365 3744 nes,
396 3688 500 3732 aut
535 3673 811 3743 Maximi,
840 3687 906 3732 ut
946 3676 1187 3733 urbium
1229 3671 1727 3750 expugnationes,
1756 3679 1825 3724 ut
1856 3666 2165 3744 pedestres

239 3773 562 3829 navalesve
589 3789 841 3849 pugnas,
867 3783 936 3829 ut
962 3771 1120 3829 bella
1148 3789 1184 3828 a
1209 3789 1275 3828 se
1306 3780 1493 3846 gesta,
1520 3777 1588 3824 ut
1614 3763 1945 3844 triumphos
1972 3785 2165 3826 recor-
