2492 4392
635 330 786 396 srvn
827 330 908 371 nn
945 328 1481 373 amolum—cn.
1508 328 1617 381 1x.,
1641 328 1704 370 x.
2051 314 2132 371 47

205 482 385 541 quam
437 462 518 521 ab
559 460 998 530 imbecillitate,
1041 472 1104 519 et
1155 461 1395 539 gravior
1445 473 1505 519 et
1551 460 1764 520 verior.
1862 458 2041 528 Nam,
2084 460 2135 519 si

207 560 432 619 utilitas
469 558 770 618 amicitias
805 557 1252 635 conglutinaret,
1283 555 1495 616 eadem
1530 568 1893 615 commutata
1924 554 2133 614 dissol-

205 668 416 733 yeret:
469 653 599 725 sed,
613 654 758 730 quia
797 666 1008 711 natura
1046 653 1263 713 mutari
1306 672 1423 711 non
1462 665 1679 731 potest,
1710 651 1933 709 idcirco
1974 670 2133 711 verae

213 749 494 808 amicitiae
523 744 903 827 sempiternas
931 760 1108 823 sunt.·
1162 748 1377 807 Ortum
1398 747 1641 826 quidem
1670 747 1943 807 amicitiae
1969 747 2133 806 vide-

210 844 302 915 tis,
331 844 449 902 nisi
475 844 619 920 quid
651 843 726 902 ad
755 845 886 903 haec
911 844 1066 902 forte
1094 843 1289 902 vultis.

295 939 608 1001 meus.
665 938 764 997 Tu
807 959 946 998 vero
990 960 1195 1017 perge,
1233 939 1423 999 Laeli!
1486 959 1596 1018 pro
1641 940 1755 997 hoc
1801 939 1981 1009 enim,
2026 938 2131 1016 qui

212 1035 411 1093 minor
439 1048 529 1093 est
554 1047 717 1103 natu,
747 1054 882 1093 meo
899 1035 1042 1113 jure
1069 1034 1421 1113 respondem

296 1136 396 1189 33.
434 1130 745 1191 Scfflvom.
781 1131 972 1190 Recte
992 1144 1056 1188 tu
1078 1130 1349 1208 quidem:
1388 1131 1779 1208 quamobrem
1808 1076 2265 1191 audiamuss)lv

297 1322 378 1381 X.
425 1322 696 1381 Llsmns.
731 1322 957 1381 Audite
978 1342 1142 1401 erge,
1166 1321 1375 1401 optimi
1396 1322 1526 1391 viri,
1544 1342 1619 1381 ea
1638 1343 1773 1401 quae
1798 1322 2130 1402 saepissime

216 1417 376 1475 inter
409 1438 509 1477 me
543 1431 604 1476 et
630 1418 979 1497 Scipionem
1007 1419 1084 1477 de
1119 1418 1381 1477 amicitia
1408 1418 1887 1479 disserebantur:
1929 1440 2131 1497 quam·

219 1534 402 1592 quam
433 1514 536 1571 ille
567 1514 810 1591 quidem
835 1514 980 1571 nihil
999 1513 1305 1585 ‚difficilius
1334 1534 1466 1573 esse
1493 1513 1759 1586 dicebat,
1780 1535 1959 1592 quam
1990 1514 2130 1573 ami·

218 1608 424 1668 citiam
464 1628 653 1686 usque
695 1608 770 1668 ad
805 1622 1141 1668 extremum
1182 1610 1320 1669 vitae
1360 1630 1733 1689 permanere.
1816 1610 1981 1669 Nam
2014 1612 2130 1679 vel,

217 1718 288 1763 ut
320 1724 442 1763 non
472 1705 636 1763 idem
665 1705 1004 1783 expediret,
1032 1694 1297 1765 incidere
1325 1726 1521 1784 saepe;
1566 1706 1681 1775 vel,
1712 1716 1778 1763 ut
1805 1704 1881 1763 de
1913 1706 2129 1783 repub-

218 1800 338 1859 lica
369 1820 491 1859 non
525 1800 688 1859 idem
727 1800 1080 1860 sentiretur:
1128 1801 1349 1860 mutari
1382 1800 1562 1859 etiam
1595 1820 1791 1859 mores
1824 1799 2133 1859 hominum

219 1916 388 1974 saepe
429 1896 689 1966 dicebat,
725 1896 868 1955 alias
916 1895 1178 1955 adversis
1224 1897 1421 1965 rebus,
1458 1897 1605 1955 alias
1654 1907 1831 1955 aetate
1864 1895 2133 1973 ingrave-

219 2003 446 2050 scente.
525 1993 731 2069 Atque
764 2012 972 2051 earum
1012 2011 1216 2050 rerum
1250 1993 1595 2069 exemplum
1630 2011 1709 2049 ex
1745 1989 2133 2051 similitudine

220 2087 504 2166 capiebat
543 2086 800 2145 ineuntis
839 2087 1046 2157 aetatis,
1075 2086 1234 2164 quod
1276 2086 1490 2144 summi
1530 2107 1851 2164 puerorum
1900 2106 2133 2147 amores

222 2202 392 2261 saepe
431 2202 552 2241 una
592 2202 728 2241 cum
763 2194 1050 2261 praetexta
1084 2194 1463 2261 ponerentur.
1544 2187 1639 2240 34.
1681 2182 1790 2241 Sin
1826 2195 2023 2241 autem
2058 2182 2133 2241 ad

221 2276 686 2337 adolescentiam
725 2277 1168 2357 perduxissent,
1203 2277 1401 2349 dirimi
1434 2291 1630 2337 tamen
1664 2278 1959 2337 interdum
2000 2298 2134 2337 con·

221 2374 512 2448 tentione,
547 2375 643 2435 vel
690 2373 914 2433 uxoriae
969 2373 1343 2444 conditionis,
1373 2376 1469 2432 vel
1519 2374 1813 2433 commodi
1863 2375 2133 2454 alicujus,

223 2468 390 2548 quod
433 2469 594 2528 idem
643 2468 894 2547 adipisci
939 2482 1191 2547 uterque
1235 2490 1355 2527 non
1404 2482 1616 2548 posset.
1713 2471 1899 2542 Quod
1944 2470 1995 2529 si
2034 2470 2137 2549 qui

223 2564 464 2644 longius
483 2566 546 2623 in
569 2565 828 2624 amicitia
848 2565 1112 2643 provecti
1133 2578 1349 2636 essent,
1368 2578 1565 2624 tamen
1587 2586 1749 2645 saepe
1770 2566 2135 2636 labefactari,

223 2660 276 2719 si
302 2662 366 2719 in
393 2662 632 2720 honoris
666 2660 1102 2721 contentionem
1129 2660 1506 2721 incidissent:
1550 2675 1788 2741 pestem
1821 2663 1981 2723 enim
2016 2683 2135 2721 ma-

225 2756 426 2834 jorem
452 2778 586 2831 esse
612 2759 834 2817 nullam
855 2757 916 2829 in
945 2757 1236 2829 amicitiis,
1258 2778 1434 2836 quam
1456 2758 1517 2816 in
1539 2760 1841 2837 plerisque
1863 2760 2136 2838 pecuniae

227 2852 656 2930 cupiditatem3
709 2854 772 2911 in
811 2852 1048 2932 optimis
1085 2852 1417 2932 quibusque
1458 2854 1695 2913 honoris
1738 2868 2035 2913 certamen
2076 2866 2137 2913 et

228 2947 472 3026 gloriae3
515 2968 594 3007 ex
627 2968 746 3026 quo
777 2948 1113 3009 inimicitias
1147 2949 1437 3007 maximas
1470 2969 1637 3029 saepe
1669 2949 1827 3008 inter
1859 2950 2138 3010 amicissi-

227 3062 358 3101 mos
399 3045 714 3102 exstitisse.
793 3049 889 3103 35.
934 3045 1160 3123 Magna
1191 3045 1375 3105 etiam
1409 3045 1653 3106 dissidia
1685 3059 1747 3105 et
1780 3047 2137 3126 plerumque

227 3139 398 3217 justa
421 3138 607 3208 nasci,
631 3158 766 3196 cum
795 3139 1016 3217 aliquid
1039 3141 1112 3198 ab
1135 3141 1360 3210 amicis,
1384 3141 1544 3219 quod
1564 3155 1794 3202 rectum
1816 3162 1931 3200 non
1962 3155 2137 3213 esset,

227 3236 672 3315 postularetur3
716 3246 782 3292 ut
803 3248 909 3308 aut·
920 3235 1182 3295 libidinis
1203 3237 1476 3307 ministri,
1497 3250 1599 3297 aut
1620 3238 2141 3315 adjutorespssent

229 3330 304 3389 ad
339 3329 640 3409 injuriam.
722 3330 909 3401 Quod
947 3332 1047 3407 qui
1086 3344 1448 3402 recusarent,
1484 3332 1752 3410 quamvis
1793 3331 2037 3386 honeste
2079 3327 2142 3385 id

225 3427 514 3493 facerent,
535 3425 638 3503 jus
672 3436 872 3483 tamen
901 3426 1174 3487 amicitiae
1205 3427 1487 3487 deserere
1522 3435 1913 3502 arguerentur
1946 3422 2019 3478 ab
2048 3422 2140 3492 iis,

223 3523 439 3601 quibus
465 3521 720 3597 obsequi
748 3521 974 3579 nollent
989 3546 1006 3594 3
1049 3523 1182 3591 illos
1213 3534 1433 3590 autem,
1456 3520 1559 3595 qui
1586 3516 1817 3594 quidvis
1846 3514 1922 3571 ab
1950 3516 2143 3575 amico

223 3618 528 3678 auderent
566 3618 886 3695 postulare,
920 3617 1311 3694 postulatione
1346 3614 1477 3689 ipsa
1518 3608 1799 3688 profiteri,
1833 3609 2033 3667 omnia
2076 3632 2143 3670 se

223 3714 404 3773 amici
445 3732 641 3786 causa¹
671 3732 803 3771 esse
843 3712 1126 3771 facturos.
1227 3708 1457 3792 Eorum
1496 3704 1747 3788 querela
1785 3702 2144 3767 inveteratas
