2492 4392
370 383 457 442 ⁶2
925 396 992 437 ιι.
1024 398 1086 438 τ.
1120 394 1449 438 cmmoms
1485 395 1749 448 nauus,

372 550 625 610 quaeque
658 527 775 608 ipsi
810 547 930 586 nou
962 527 1236 587 tribuunt
1276 527 1501 598 amicis,
1527 528 1658 586 haec
1693 527 1770 588 ab
1801 527 1890 586 eis
1925 525 2290 600 desiderant.

372 626 494 685 Par
534 639 625 684 est
666 637 886 693 autem,
920 623 1183 702 primum
1224 624 1427 704 ipsum
1467 645 1602 682 esse
1643 623 1837 681 virum
1878 624 2126 694 bonum,
2159 637 2290 684 tum

370 723 619 782 alterum
658 716 917 780 similem
950 719 1043 778 sui
1076 739 1368 797 quaerere.
1449 719 1520 777 In
1554 718 1772 778 talibus
1803 739 1896 789 ea,
1927 739 2110 798 quam
2135 721 2289 799 jam-

368 815 594 876 dudum
642 827 980 884 tractamus,
1024 814 1311 872 stabilitas
1366 813 1638 872 amicitiae
1687 815 2024 872 confirmari
2069 829 2287 894 potest,

368 932 507 972 cum
523 912 791 970 homines
807 911 1225 969 benevolentia
1244 911 1562 989 conjuncti,
1581 911 1837 989 primum
1861 910 2288 988 cupiditatibus

366 1008 457 1078 iis,
486 1008 702 1086 quibus
742 1007 928 1066 ceteri
960 1006 1250 1076 serviunt,
1285 1006 1705 1085 imperabunt3
1742 1005 1972 1064 deinde
2005 1005 2288 1084 aequitate

367 1105 725 1184 justitiaque
747 1102 1110 1180 gaudebunt,
1129 1101 1450 1179 omniaque
1469 1103 1625 1162 alter
1639 1121 1749 1180 pro
1767 1103 1954 1160 altero
1971 1101 2284 1180 suscipiet3

368 1219 565 1278 neque
586 1200 916 1278 quidquam
934 1217 1200 1276 unquam
1218 1198 1332 1255 nisi
1352 1199 1667 1257 honestum
1689 1211 1752 1255 et
1777 1211 2008 1256 rectum
2038 1199 2193 1256 alter
2214 1199 2288 1255 ab

370 1299 559 1355 altero
578 1295 942 1374 postulabit;
984 1315 1185 1372 neque
1206 1296 1402 1352 solum
1425 1296 1628 1354 colent
1645 1295 1802 1352 inter
1821 1316 1906 1364 se,
1925 1315 1994 1353 ac
2017 1295 2286 1373 diligent,

367 1391 477 1452 sed
502 1392 683 1450 etiam
704 1392 1087 1449 verebuntur.
1171 1390 1335 1448 Nam
1357 1391 1686 1449 maximum
1708 1403 2122 1449 ornamentum
2145 1391 2287 1450 ami-

366 1488 524 1547 citiae
565 1488 736 1557 tollit,
766 1486 870 1564 qui
903 1507 983 1545 ex
1016 1507 1089 1545 ea
1122 1486 1284 1545 tollit
1315 1487 1762 1546 verecundiam.
1843 1491 1939 1544 83.
1975 1486 2188 1564 Itaque
2223 1487 2288 1545 in

367 1583 439 1642 iis
468 1583 835 1663 perniciosus
868 1594 959 1640 est
990 1601 1177 1652 error,
1208 1583 1312 1659 qui
1341 1582 1697 1653 existimant,
1723 1582 2040 1640 libidinum
2073 1603 2288 1661 pecca-

368 1695 683 1757 torumque
712 1677 978 1737 omnium
998 1691 1209 1757 patere
1230 1678 1292 1736 in
1315 1679 1574 1737 amicitia
1591 1679 1914 1738 licentiam.
1974 1678 2292 1737 Virtutum

368 1776 629 1835 amicitia
662 1775 925 1854 adjutrix
960 1795 995 1832 a
1028 1787 1241 1832 natura
1275 1773 1412 1834 data
1444 1787 1557 1846 est,
1584 1795 1704 1833 non
1733 1775 2011 1832 vitiorum
2045 1793 2282 1845 comes;

366 1886 454 1943 ut,
476 1872 759 1950 quoniam
788 1871 1053 1928 solitaria
1076 1889 1193 1929 non
1220 1884 1426 1950 posset
1452 1871 1640 1930 virtus
1669 1870 1744 1928 ad
1773 1890 1867 1940 ea,
1891 1891 2025 1949 quae
2053 1891 2290 1929 summa

367 1981 522 2038 sunt,
552 1967 886 2047 pervenire,
922 1968 1053 2046 conj
1063 1979 1241 2025 uncta
1281 1980 1342 2025 et
1383 1967 1714 2026 consociata
1755 1987 1892 2024 cum
1933 1967 2118 2025 altera
2150 1987 2286 2044 per-

367 2065 614 2122 veniret.
697 2063 856 2135 Quae
884 2063 935 2122 si
968 2082 1116 2141 quos
1146 2063 1305 2121 inter
1335 2064 1594 2122 societas
1628 2075 1730 2120 aut
1757 2075 1863 2131 est,
1896 2075 1996 2120 aut
2023 2062 2153 2132 fuit,
2183 2075 2290 2122 aut

366 2160 566 2218 fistura
586 2174 695 2231 est,
714 2179 925 2218 eorum
948 2172 1040 2217 est
1056 2158 1368 2217 habendus
1389 2158 1466 2218 ad
1489 2178 1786 2217 summum
1809 2172 2036 2218 naturae
2059 2160 2286 2218 bonum

366 2256 631 2339 optimus
650 2255 1147 2332 beatissimusque
1161 2254 1495 2313 comitatus.
1577 2259 1673 2312 84.
1709 2254 1864 2313 Haec
1885 2267 1995 2323 est,
2017 2255 2282 2332 inquam,

364 2352 637 2420 societas,
668 2351 875 2428 iisque
907 2351 1105 2409 omnia
1132 2350 1350 2420 insunt,
1381 2371 1516 2428 quae
1547 2341 2064 2429 putant‘homiues
2098 2372 2282 2430 expe·

366 2445 565 2514 tenda,
594 2446 893 2515 honestas,
923 2447 1134 2525 gloria,
1160 2447 1552 2524 tranquillitas
1581 2447 1776 2517 animi,
1807 2461 1984 2525 atque
2001 2449 2284 2526 jucundi-

364 2553 489 2598 tas:
534 2552 614 2609 ut,
644 2552 723 2609 et,
756 2561 893 2598 cum
921 2541 1050 2600 haec
1080 2541 1288 2612 adsint,
1310 2543 1486 2601 beata
1511 2543 1634 2601 vita
1661 2543 1754 2612 sit,
1779 2556 1840 2601 et
1865 2543 1997 2602 sine
2025 2544 2118 2602 his
2145 2565 2282 2604 esse

364 2655 482 2703 non
516 2634 717 2713 possit.
798 2635 983 2707 Quod
1016 2657 1155 2696 cum
1194 2639 1486 2717 optimum
1527 2639 1973 2718 maximumque
2013 2641 2104 2710 sit,
2141 2641 2190 2698 si
2217 2641 2284 2700 id

363 2731 636 2789 volumus
680 2729 949 2809 adipisci,
976 2732 1178 2791 virtuti
1220 2755 1406 2813 opera
1448 2734 1643 2794 danda
1687 2749 1798 2806 est,
1833 2736 1962 2794 sine
2003 2757 2124 2814 qua
2165 2758 2284 2796 nec

365 2827 701 2896 amicitiam,
724 2847 923 2905 neque
952 2830 1135 2887 ullam
1161 2851 1291 2889 rem
1323 2831 1730 2910 expetendam
1759 2833 2042 2910 consequi
2069 2855 2281 2912 possu-

362 2943 531 2982 mus:
576 2943 651 2981 ea
676 2943 822 2982 vero
848 2925 1143 3002 neglecta,
1172 2926 1276 3003 qui
1303 2946 1369 2984 se
1399 2927 1620 2986 amicos
1647 2928 1872 2986 habere
1901 2929 2280 3000 arbitrantur,

362 3031 487 3076 tum
524 3040 589 3078 se
624 3019 887 3097 denique
920 3041 1148 3080 errasse
1190 3022 1468 3091 sentiunt,
1505 3043 1642 3080 cum
1677 3045 1782 3082 eos
1825 3025 2022 3102 gravis
2065 3025 2282 3103 aliquis

364 3133 537 3172 casus
574 3115 839 3194 experiri
874 3117 1046 3194 cogit.
1138 3122 1233 3175 85.
1276 3117 1578 3190 Quocirca
1611 3119 1958 3196 (dicendum
1993 3134 2083 3178 est
2117 3121 2280 3180 enim

362 3210 606 3290 saepius)
646 3231 782 3270 cum
809 3211 1194 3290 judicaveris,
1224 3213 1478 3292 diligere
1519 3205 1786 3292 oportet;
1842 3237 1981 3285 non,
2019 3237 2154 3274 cum
2187 3217 2278 3276 di-

360 3307 598 3378 lexeris,
626 3307 917 3388 judicare.
1000 3308 1121 3366 Sed
1158 3329 1296 3378 cum
1337 3312 1543 3369 multis
1583 3300 1646 3369 in
1686 3311 1865 3368 rebus
1905 3301 2279 3390 negligentia

362 3404 698 3482 plectimur,
728 3417 855 3462 tum
890 3404 1149 3462 maxime
1184 3405 1246 3462 in
1281 3406 1484 3465 amicis
1519 3419 1581 3464 et
1607 3406 1944 3484 deligendis
1979 3421 2041 3466 et
2075 3410 2278 3468 colen-

360 3499 487 3556 dis:
545 3500 926 3579 praeposteris
970 3500 1132 3558 enim
1178 3501 1402 3558 utimur
1443 3502 1696 3560 consiliis
1739 3515 1799 3560 et
1841 3518 1974 3562 acta
2021 3504 2276 3582 agimuS,

360 3595 518 3671 quod
549 3609 819 3654 vetamur
851 3595 1035 3654 veteri
1075 3597 1412 3674 proverbio,
1496 3597 1658 3656 Nam
1691 3599 1983 3676 implicati
2019 3601 2176 3657 ultro
2218 3613 2280 3658 et

360 3689 525 3758 citro,
548 3693 645 3748 vel
668 3711 776 3749 usu
800 3690 1095 3761 diuturne,
1117 3693 1213 3750 vel
1237 3693 1420 3751 etiam
1451 3693 1676 3763 officiis,
1702 3708 1954 3773 repente
1985 3695 2042 3752 in
2071 3695 2277 3756 medio

359 3800 535 3840 cursu
564 3784 871 3855 amicitias,
900 3799 1111 3844 exorta
1140 3787 1338 3866 aliqua
1363 3789 1692 3848 offensione
1719 3789 2134 3871 dirumpimus.
