2492 4392
884 390 1388 433 Ar'ncuse-eu.
1415 390 1523 445 tv„
1547 394 1606 435 v.
2073 382 2192 441 107

276 533 349 581 et
377 521 751 581 humanitate
786 532 847 579 et
880 520 1171 580 doctrina.
1253 522 1354 582 Sic
1387 522 1547 581 enim
1573 522 1790 581 Graece
1817 525 2190 601 loquebatur,

276 629 354 675 ut
383 616 643 675 Athenis
682 628 855 674 natus
886 615 1201 675 videretur.
1287 617 1482 675 Tanta
1521 631 1723 677 autem
1763 620 2020 679 suavitas
2060 636 2193 681 erat

272 711 583 769 sermonis
618 710 841 781 Latini,
882 723 951 769 ut
996 722 1328 789 appareret,
1367 711 1430 769 in
1475 732 1548 771 eo
1586 713 1852 771 nativum
1891 716 2188 791 quendam

276 807 558 885 leporem
580 826 732 876 esse,
752 826 869 863 non
894 805 1201 863 adscitum.
1284 802 1754 886 Idem'po'e‘mata
1773 811 2189 888 pronuntiabat

274 913 343 960 et
358 902 583 960 Graece
600 913 665 959 et
681 900 897 959 Latine
918 900 1023 971 sic,
1043 912 1111 959 ut
1134 920 1318 979 supra
1337 902 1484 961 nihil
1500 915 1700 980 posset
1721 903 1876 961 addi.
1949 904 2186 976 Quibus

274 998 465 1055 rebus
492 996 719 1054 factum
746 1008 853 1066 est,
874 1008 941 1053 ut
964 995 1138 1054 Sulla
1160 996 1456 1074 nusquam
1487 1016 1628 1055 eum
1663 998 1738 1056 ab
1769 1017 1838 1057 se
1867 998 2188 1059 dimitteret

282 1104 657 1169 cuperetque
687 1109 891 1148 secum
920 1089 1240 1148 deducere.
1321 1090 1450 1162 Qui
1471 1112 1653 1168 quum
1681 1094 2186 1171 persuadereaen-

280 1197 457 1255 taret,
485 1186 648 1254 Noli,
671 1204 771 1242 oro
798 1194 867 1254 te,
888 1183 1079 1260 inquit
1096 1183 1486 1262 Pomponius,
1507 1186 1812 1245 adversum
1831 1208 1920 1245 eos
1937 1209 2026 1247 me
2046 1190 2187 1247 velle

278 1280 507 1349 ducere,
535 1299 663 1337 cam
688 1279 893 1355 quibus
916 1298 987 1337 ne
1008 1289 1209 1337 conam
1240 1289 1294 1337 te
1325 1298 1494 1338 arma
1503 1280 1751 1358 fem-em,
1775 1281 2018 1341 Italiam
2052 1284 2183 1341 reli-

278 1375 401 1451 qui.
482 1375 572 1432 At
599 1372 785 1443 Sulla,
812 1372 1208 1431 adolescentis
1239 1372 1432 1433 officio
1461 1375 1806 1444 collaudato,
1837 1378 2034 1436 omnia
2059 1398 2184 1436 mu-

278 1492 432 1531 nera
458 1471 541 1541 ei,
560 1490 697 1548 quae
716 1469 971 1529 Athenis
996 1481 1328 1547 acceperat,
1350 1470 1732 1549 proficiscens
1747 1471 1928 1549 jussit
1945 1472 2182 1531 deferri.

278 1566 411 1625 Hic
438 1566 775 1643 complures
808 1584 993 1623 annos
1022 1576 1301 1633 moratus,
1329 1582 1516 1641 quum
1549 1577 1613 1623 et
1641 1566 1732 1622 rei
1757 1565 2031 1623 familiari
2057 1578 2183 1624 tan-

278 1674 413 1720 tum
450 1680 651 1740 operae
676 1659 865 1730 daret,
892 1670 1181 1737 quantum
1212 1678 1332 1717 non
1363 1659 1688 1736 indiligens
1715 1658 1964 1717 deberet
1990 1673 2182 1738 pater-

277 1755 565 1826 familias,
594 1766 657 1813 et
689 1754 889 1813 omnia
915 1754 1147 1830 reliqua
1176 1764 1450 1833 tempora
1481 1765 1585 1811 aut
1615 1752 1844 1823 litteris,
1875 1764 1984 1811 aut·
2000 1754 2181 1814 Athe-

278 1850 581 1909 niensium
612 1848 957 1927 reipublicae
979 1848 1288 1917 tribueret,
1313 1848 1696 1907 nihilominus
1723 1847 1926 1906 amicis
1957 1848 2184 1905 urbana

280 1946 479 2004 officia
508 1944 799 2023 praestitit.
874 1937 1039 2002 Nam
1072 1956 1133 2003 et
1168 1943 1251 2002 ad
1273 1944 1513 2003 comitia
1535 1964 1746 2001 eorum
1771 1942 2076 2003 ventitavit
2101 1955 2180 2013 et,

276 2040 335 2099 si
370 2060 492 2119 qua
532 2058 627 2103 res
664 2040 855 2117 major
876 2050 1017 2099 aeta
1048 2052 1159 2109 est,
1190 2058 1310 2097 non
1343 2038 1570 2098 defuit:
1623 2037 2088 2100 sicut·Ciceroni
2119 2037 2183 2095 in
2263 2032 2272 2040 '

286 2131 569 2195 omnibus
596 2135 729 2213 ejus
762 2134 1041 2213 periculis
1066 2134 1430 2211 singularem
1463 2133 1646 2191 fidem
1671 2134 1938 2213 praebuit‚
1966 2133 2065 2193 cui
2103 2154 2182 2191 ex
2287 2171 2295 2182 ·

278 2234 483 2313 patria
506 2232 759 2311 fugienti
785 2231 967 2290 LLS.
988 2230 1252 2289 ducenta
1277 2241 1338 2287 et
1365 2228 1789 2307 quinquaginta
1801 2228 1990 2287 millia
2005 2229 2182 2287 dona-

282 2330 385 2389 vit.
470 2326 893 2405 'tranquillatis
926 2321 1124 2385 autein
1152 2320 1338 2381 rebus
1367 2324 1669 2395 Romanis,
1693 2324 2036 2403 remig-ravit
2064 2324 2182 2382 Ro-

282 2445 468 2495 mam,
490 2436 555 2481 ut
582 2422 809 2502 opinor,
832 2422 905 2481 L.
922 2422 1099 2480 Cotta
1125 2431 1185 2478 et
1207 2420 1282 2478 L.
1305 2418 1607 2495 Torquato
1633 2421 1984 2491 consulibua,
2003 2438 2182 2497 quem

281 2522 450 2581 diem
484 2519 571 2577 sic
602 2518 879 2577 universa
910 2514 1113 2575 civitas
1148 2512 1602 2574 Atheniensium
1633 2526 1946 2593 prosecuta
1979 2526 2086 2583 est,
2115 2524 2183 2571 ut

284 2616 547 2675 lacrimis
573 2613 857 2673 desiderii
880 2611 1063 2671 futuri
1088 2608 1360 2669 dolorem
1383 2606 1686 2669 indicaret.

364 2804 449 2865 V.
490 2806 773 2864 Habebat
808 2803 1166 2862 avunculum
1200 2800 1281 2873 Q.
1303 2797 1635 2867 Caecilium,
1671 2797 1930 2873 equitem
1964 2796 2180 2854 Roma-

270 2922 450 2973 num,
469 2900 817 2959 familiarem
840 2898 912 2956 L.
927 2896 1188 2967 Luculli,
1206 2895 1468 2963 divitem,
1487 2888 1826 2951 difficillima
1843 2900 2064 2959 natura,
2083 2910 2181 2947 cu-

286 3000 394 3078 jus
423 2996 509 3057 sic
536 2995 919 3074 asperitatem
938 2992 1159 3051 veritus
1180 3004 1289 3061 est,
1307 3002 1387 3061 ut,
1409 3006 1590 3069 quem
1617 3002 1792 3043 nemo
1809 2982 1935 3041 fere
1961 2998 2180 3061 posset,

286 3094 469 3172 hujus
510 3092 637 3151 sine
670 3088 989 3149 offensione
1030 3086 1105 3146 ad
1138 3106 1428 3146 summam
1467 3089 1830 3143 senectutem
1871 3078 2185 3137 retinuerit

285 3186 787 3248 benevolentiam.
868 3183 1013 3255 Quo
1033 3183 1192 3241 facto
1218 3180 1356 3240 tulit
1381 3173 1620 3258 pietatis
1643 3171 1916 3231 fructum.
1997 3171 2186 3231 Caeci-

284 3285 406 3341 lius
434 3282 594 3340 enim
622 3280 882 3338 moriens
908 3288 1258 3337 testamento
1286 3268 1584 3350 adoptavit
1611 3286 1753 3325 eum
1781 3262 2184 3341 heredemque

286 3378 430 3437 fecit
454 3396 533 3435 ex
562 3374 883 3432 dodrante:
926 3390 1003 3431 ex
1030 3389 1147 3447 qua
1173 3365 1500 3425 hereditate
1527 3361 1759 3440 accepit
1787 3359 2025 3419 circiter
2049 3378 2184 3416 cen-

286 3474 399 3531 ties
438 3469 619 3529 LLS.
718 3468 865 3526 Erat
909 3477 1095 3543 nupta
1148 3478 1314 3519 soror
1347 3458 1532 3520 Attici
1565 3457 1646 3529 Q.
1671 3456 1872 3515 Tullio
1906 3451 2188 3512 Ciceroni

288 3586 509 3644 easque
540 3564 777 3642 nuptias
798 3562 885 3620 M.
901 3559 1119 3617 Cicero
1146 3555 1510 3622 conciliarat,
1533 3571 1672 3611 cum
1691 3570 1809 3628 quo
1837 3569 1876 3607 a
1903 3545 2188 3605 condisci-

286 3664 505 3743 pulatu
544 3657 783 3715 vivebat
821 3648 1323 3731 conjunctissime,
1363 3648 1548 3706 multo
1595 3646 1778 3705 etiam
1817 3638 2188 3710 familiarius,

288 3774 469 3835 qua-m
505 3766 643 3811 cum
668 3748 923 3821 Quinto3
942 3758 1009 3805 ut
1031 3741 1292 3825 judicari
1318 3740 1521 3821 possit,
1549 3743 1685 3821 plus
1716 3740 1779 3799 in
1811 3732 2072 3797 amicitia
2093 3754 2190 3795 va-
