2492 4392
375 377 459 434 52
916 389 985 432 Μ.
1019 389 1078 430 τ.
1110 388 1438 430 emanoms
1477 387 1739 441 nmmos,

374 535 603 581 tantum
638 522 814 590 valet,
842 532 909 578 ut
942 521 1113 577 tollat
1143 540 1180 578 e
1214 519 1336 576 vita
1371 518 1694 577 amicitiam
1713 543 1728 590 3
1769 541 1888 577 non
1923 523 2081 599 plus,
2111 543 2306 600 quam

376 633 443 676 ut
486 619 751 685 virtutes,
788 616 933 694 quia
976 617 1293 674 nonnullas
1339 635 1516 674 curas
1563 628 1625 674 et
1673 616 1974 674 molestias
2023 619 2302 687 afferunt,

376 714 785 793 repudientur.

453 906 632 965 XIV.
676 905 832 964 Cum
856 919 1057 965 autem
1080 907 1389 966 contrahat
1416 906 1750 975 amicitiam,
1773 919 1840 964 ut
1867 927 2049 984 supra
2069 906 2220 976 dixi,
2245 907 2304 965 si

378 1020 497 1080 qua
522 1001 877 1078 significatio
894 1001 1129 1060 virtutis
1156 1003 1413 1073 eluceat,
1435 1001 1512 1060 ad
1533 1021 1716 1080 quam
1735 1023 1802 1060 se
1823 1003 2032 1060 similis
2061 1003 2302 1061 animus

380 1097 639 1175 applicet
678 1109 741 1155 et
782 1097 1085 1176 adjungat,
1145 1096 1210 1155 id
1265 1117 1402 1182 cum
1444 1097 1747 1176 contingit,
1785 1117 1952 1156 amor
1991 1097 2306 1156 exoriatur

378 1211 625 1250 necesse
654 1205 763 1251 est.
846 1198 943 1251 49.
978 1192 1147 1264 Quid
1178 1194 1341 1252 enim
1367 1206 1488 1251 tam
1515 1193 1862 1262 absurdum,
1891 1212 2070 1270 quam
2097 1192 2304 1250 delec-

378 1289 491 1346 tari
513 1288 711 1346 multis
733 1289 1011 1347 inanibus
1038 1289 1238 1358 rebus,
1261 1301 1329 1346 ut
1349 1289 1590 1358 honore,
1610 1301 1679 1345 ut
1707 1288 1910 1365 gloria,
1934 1301 2000 1346 ut
2019 1287 2302 1359 aedificio,

380 1396 447 1440 ut
462 1384 672 1440 vestitu
694 1385 979 1461 cultuque
1004 1384 1302 1461 corporis;
1338 1383 1538 1440 animo
1561 1380 1757 1442 aute'm
1781 1384 1999 1441 virtute
2021 1382 2303 1460 praedito,
2365 1427 2432 1446 x

380 1498 473 1546 ee,
502 1478 605 1554 qui
634 1479 733 1536 vel
760 1497 979 1547 amare,
1006 1479 1123 1548 vel,
1150 1492 1219 1535 ut
1243 1479 1328 1535 ita
1357 1478 1572 1547 dicam,
1599 1477 1912 1536 redamare
1940 1479 2144 1556 possit,
2177 1498 2300 1536 non

383 1574 709 1634 admodum
730 1573 1053 1632 delectari?
1124 1573 1294 1631 Nihil
1319 1586 1410 1631 est
1431 1573 1592 1632 enim
1611 1574 2095 1630 remuneratione
2117 1574 2301 1631 bene-

380 1670 677 1736 volentiae,
714 1669 862 1726 nihil
893 1667 1300 1727 vicissitudine
1339 1667 1678 1726 studiorum
1719 1668 2170 1744 officiorumque
2204 1670 2302 1747 ju-

384 1764 655 1824 cundius,
750 1769 848 1823 50.
890 1764 1078 1836 Quod
1118 1764 1169 1822 si
1208 1764 1388 1822 etiam
1422 1763 1576 1822 illud
1609 1763 1902 1832 addimus,
1937 1764 2098 1843 quod
2131 1779 2302 1822 recte

384 1859 530 1918 addi
560 1873 775 1938 potest,
794 1860 942 1918 nihil
971 1879 1122 1930 esse,
1146 1859 1310 1937 quod
1339 1859 1412 1917 ad
1443 1879 1507 1917 se
1533 1879 1666 1918 rem
1697 1861 1880 1916 ullam
1907 1872 2028 1918 tam
2059 1859 2300 1929 alliciat,

384 1968 447 2013 et
469 1968 588 2014 tam
612 1957 877 2026 attrahat,
896 1976 1077 2034 quam
1098 1955 1172 2014 ad
1194 1954 1516 2014 amicitiam
1545 1954 1901 2014 similitudo:
1937 1956 2303 2014 concedetur

384 2051 657 2130 profecto
677 2072 887 2111 verum
914 2073 1068 2122 esse,
1090 2064 1156 2110 ut
1174 2052 1364 2110 bonos
1385 2050 1528 2108 boni
1549 2049 1822 2128 diligant,
1847 2049 2302 2128 adsciscantque

387 2147 501 2205 sibi
535 2148 705 2226 quasi
737 2147 1179 2227 propinquitate
1212 2147 1558 2225 conjunctos
1600 2159 1782 2223 atque
1815 2159 2046 2204 natura.
2131 2145 2302 2204 Nihil

385 2255 477 2301 est
518 2245 677 2302 enim
718 2244 1095 2323 appetentius
1136 2242 1420 2300 similium
1463 2241 1575 2310 sui,
1609 2241 1756 2298 nihil
1789 2242 2086 2320 rapaciuS,
2121 2260 2302 2319 quam

384 2351 617 2398 natura.
698 2339 1111 2410 Quamobrem
1132 2339 1244 2396 hoc
1265 2337 1523 2414 quidem,
1547 2337 1742 2395 Fanni
1763 2349 1824 2395 et
1850 2337 2140 2406 Scaevola,
2165 2358 2300 2396 con-

385 2444 517 2499 stat,
548 2445 614 2489 ut
646 2433 877 2510 opinor,
904 2434 1075 2492 bonis
1102 2434 1260 2491 inter
1283 2433 1470 2491 bonos
1497 2431 1668 2509 quasi
1695 2432 2093 2490 necessariam
2121 2433 2300 2491 bene-

384 2523 734 2593 volentiam3
771 2526 871 2600 qui
894 2539 985 2582 est
1004 2527 1283 2585 amicitiae
1305 2525 1434 2584 fons
1455 2547 1490 2584 a
1509 2538 1722 2584 natura
1743 2526 2112 2584 constitutae.
2177 2526 2299 2585 Sed

386 2618 599 2675 eadem
627 2618 863 2676 bonitas
897 2620 1073 2677 etiam
1110 2620 1186 2679 ad
1214 2621 1654 2679 multitudinem
1683 2622 1958 2700 pertinet.
2040 2621 2180 2680 Non
2213 2634 2302 2681 est

386 2713 549 2770 enim
588 2713 910 2773 inhumana
948 2715 1151 2785 virtus,
1188 2737 1386 2794 neque
1427 2717 1725 2784 immunis,
1761 2737 1954 2793 neque
2003 2718 2299 2795 superba3

390 2829 522 2885 quae
568 2810 746 2868 etiam
786 2812 1043 2889 populos
1085 2812 1396 2870 universos
1439 2813 1613 2882 tueri,
1643 2813 1851 2889 eisque
1892 2813 2118 2892 optime
2161 2835 2298 2872 con·

387 2905 588 2962 sulere
617 2907 838 2966 soleat:
874 2906 1031 2984 quod
1054 2907 1416 2967 non·faceret
1432 2908 1721 2987 profecto,
1745 2910 1796 2966 si
1815 2928 1852 2967 a
1872 2909 2115 2967 caritate
2137 2911 2302 2988 vulgi

388 2999 750 3059 abhorreret.
832 3007 927 3061 61.
960 3005 1165 3080 Atque
1198 3003 1380 3062 etiam
1417 3003 1564 3061 mihi
1593 3004 1836 3081 quidem
1872 3004 2166 3072 videntur,
2196 3006 2300 3082 qui

386 3096 653 3154 utilitatis
702 3117 879 3156 causa
912 3098 1143 3176 fingunt
1189 3099 1496 3169 amicitias,
1535 3099 2027 3158 amabilissimum
2074 3100 2300 3158 nodum

388 3192 661 3251 amicitiae
696 3194 927 3254 tollere.
1010 3194 1073 3251 N
1076 3215 1153 3252 on
1188 3195 1352 3252 enim
1385 3206 1508 3253 tam
1543 3195 1762 3253 utilitas
1802 3207 1972 3274 parta
2006 3216 2117 3274 per
2157 3196 2377 3254 ami-«-

386 3307 543 3359 cum,
574 3308 753 3366 quam
796 3289 977 3346 amici
1018 3309 1185 3346 amor
1224 3290 1356 3367 ipse
1397 3289 1690 3350 delectat:
1744 3303 1992 3368 tumque
2031 3291 2181 3349 illud
2215 3291 2297 3360 fit,

385 3386 545 3464 quod
590 3385 664 3442 ab
706 3385 899 3443 amico
938 3397 1030 3443 est
1071 3384 1426 3464 profectum,
1450 3386 1807 3463 jucundum,
1843 3387 1894 3444 si
1929 3407 2063 3444 cum
2107 3387 2298 3446 studio

386 3493 479 3540 est
497 3482 872 3560 profectum3
908 3492 1259 3559 tantumque
1283 3483 1472 3550 abest,
1495 3494 1560 3538 ut
1583 3481 1859 3540 amicitiae
1883 3497 2127 3561 propter
2153 3483 2295 3542 indi·

384 3577 650 3652 gentiam
692 3578 978 3646 colantur,
1008 3588 1075 3634 ut
1106 3576 1172 3645 ii,
1198 3575 1304 3653 qui
1337 3575 1554 3654 opibus
1595 3589 1660 3634 et
1689 3576 1877 3654 copiis
1918 3577 2298 3654 maximeque
2367 3651 2370 3654 ᾗ

385 3671 606 3730 virtute
656 3671 908 3749 praediti,
942 3672 1005 3732 in
1054 3691 1171 3748 qua
1216 3672 1540 3750 plurimum
1591 3683 1682 3731 est
1727 3671 2013 3752 praesidii,
2056 3673 2296 3734 minime

389 3765 630 3822 alterius
678 3765 1006 3843 indigeant,
1046 3767 1445 3826 liberalissimi
1493 3767 1609 3827 sint
1656 3781 1718 3826 et
1757 3767 2294 3830 beneficentissimi.
