2492 4392
351 351 392 406 8
713 371 730 378 -
803 361 874 404 n.
907 361 966 402 τ.
999 360 1328 432 mennoms
1364 361 1531 402 caro
1568 359 1795 412 nuos,

351 517 450 554 me
485 505 792 553 censorem
825 505 1098 550 mortuus
1133 505 1238 561 est,
1274 512 1487 550 novem
1522 494 1695 558 annis,
1720 505 1855 572 post
1886 514 2085 552 meum
2120 515 2251 552 con-

351 593 628 659 sulatum,
663 610 800 648 cum
843 591 1052 648 consul
1085 588 1327 658 iterum,
1362 610 1461 648 me
1508 590 1766 656 consule,
1800 605 2035 649 creatus
2082 605 2251 650 esset.

352 689 516 746 Num
543 683 745 764 igitur,
774 686 824 742 si
859 686 934 744 ad
969 687 1357 744 centesimum
1400 705 1618 744 annum
1652 685 1911 754 vixisset,
1939 686 2253 744 senectutis

352 803 491 841 eum
525 804 648 841 suae
675 783 1034 861 paeniteret?
1075 801 1190 840 nec
1217 781 1377 840 enim
1408 781 1784 848 excursione,
1810 801 1921 839 nec
1948 783 2117 850 saltu,
2146 801 2255 840 nec

351 878 588 936 eminus
605 879 808 948 hastis,
827 893 928 938 aut
947 878 1279 936 comminus
1306 877 1517 955 gladiis
1538 887 1835 946 uteretur3
1872 875 1979 934 sed
1996 877 2255 945 consilio,

350 974 600 1042 ratione,
632 973 940 1032 sententia.
1021 973 1182 1046 Quae
1209 973 1322 1032 nisi
1350 985 1553 1031 essent
1580 972 1642 1029 in
1670 971 1929 1039 senibus,
1956 992 2073 1030 non
2104 991 2256 1046 sum-

351 1089 512 1126 mum
543 1070 856 1128 consilium
885 1071 1140 1148 majores
1163 1070 1353 1126 nostri
1381 1071 1781 1147 appellassent
1806 1079 2081 1125 senatum.
2163 1073 2255 1126 20.

351 1165 537 1242 Apud
569 1165 1062 1223 Lacedaemonios
1091 1165 1336 1242 quidem
1366 1165 1426 1233 ii,
1457 1165 1558 1242 qui
1588 1165 2018 1242 amplissimum
2046 1163 2255 1240 magis-

351 1273 564 1319 tratum
592 1275 822 1339 gerunt,
841 1275 906 1318 ut
931 1275 1086 1330 sunt,
1104 1262 1188 1320 sic
1211 1261 1393 1319 etiam
1414 1249 1794 1320 nominantur
1816 1280 2004 1318 senes.
2074 1257 2256 1330 Quod

351 1358 414 1414 si·
431 1359 658 1434 legere,
681 1371 784 1416 aut
813 1357 1018 1442 audire
1049 1357 1259 1415 voletis
1286 1371 1552 1425 externa,
1576 1357 1865 1414 maximas
1892 1355 2257 1432 respublicas

353 1455 430 1510 ab
453 1453 931 1512 adolescentibus
949 1453 1291 1523 labefactas,
1310 1475 1347 1512 a
1372 1454 1614 1512 senibus
1640 1465 1995 1512 sustentatas
2016 1463 2077 1508 et
2094 1449 2256 1508 resti-

351 1562 504 1606 tutas
531 1549 864 1628 reperietis.
1266 1556 1277 1566 ‘

359 1644 532 1712 Cedo,
555 1647 658 1720 qui*
685 1657 932 1703 vestram
956 1646 1371 1722 rempublicam
1398 1655 1625 1704 tantam
1650 1646 1931 1703 amisistis
1956 1654 2081 1702 tam
2106 1643 2257 1701 cito?

353 1739 456 1797 Sic
485 1741 645 1798 enim
667 1755 1110 1820 percontantur,
1131 1755 1196 1802 ut
1217 1755 1311 1800 est
1338 1727 1621 1816 i‘rrNaevii
1647 1740 1859 1799 Ludo:
1901 1737 2257 1818 responden·

351 1847 449 1892 tur
475 1849 536 1894 et
563 1837 702 1906 alia,
731 1850 792 1894 et
815 1838 931 1895 hoc
961 1838 1020 1894 in
1049 1837 1259 1916 primis
1277 1857 1300 1919 ².

544 1932 972 1991 Proveniebant
995 1943 1248 1990 oratores
1272 1935 1425 2003 novi,
1453 1934 1633 2005 stulti,
1642 1932 2063 1992 ddolescmtuli.

356 2027 691 2088 Temeritas
731 2041 824 2088 est
855 2029 1130 2089 videlicet
1167 2029 1431 2088 florentis
1470 2029 1675 2098 aetatis,
1710 2028 2029 2106 prudentia
2060 2047 2257 2086 senes-

353 2137 558 2182 centis.

165 2269 390 2422 Ns
432 2314 580 2374 VII.
623 2321 720 2374 21.
757 2316 839 2373 At
871 2318 1157 2375 memoria
1195 2315 1805 2386 minuitur.—Credo,
1834 2317 1949 2375 nisi
1980 2337 2113 2374 eam
2156 2338 2255 2375 ex·

353 2427 572 2476 erceas,
603 2423 704 2468 aut
741 2410 790 2468 si
823 2410 906 2467 sis
945 2423 1156 2468 natura
1191 2407 1431 2469 tardior.
1516 2411 1957 2471 Themistocles
1996 2413 2257 2470 omnium

351 2503 569 2560 civium
588 2518 948 2582 perceperat
975 2506 1250 2564 nomina:
1286 2525 1427 2564 num
1448 2506 1631 2584 igitur
1656 2510 1911 2566 censetis
1942 2529 2099 2576 eum,
2124 2528 2259 2566 cum

349 2611 526 2657 aetate
558 2599 954 2678 processisset,
985 2601 1087 2679 qui
1118 2602 1415 2661 Aristides
1444 2616 1623 2674 esset,
1653 2603 2082 2681 Lysimachum
2110 2605 2259 2662 salu·

348 2707 475 2754 tare
503 2695 778 2754 solitum'l
845 2696 1148 2772 Equidem
1169 2719 1290 2756 non
1314 2698 1495 2757 modo
1522 2719 1627 2758 eos
1653 2699 1809 2767 novi,
1828 2699 1931 2777 qui
1952 2712 2115 2770 sunt;
2152 2698 2259 2757 sed

349 2811 556 2850 eorum
581 2804 781 2868 patres
809 2791 1007 2859 etiam,
1030 2805 1092 2850 et
1121 2814 1277 2851 avos.
1362 2793 1497 2852 Nec
1524 2797 1797 2873 sepulcra
1816 2797 2025 2873 legens
2046 2815 2259 2854 vereor

351 2886 536 2964 (quod
579 2886 787 2962 aiunt),
821 2907 898 2944 ne
938 2889 1284 2948 memoriam
1326 2890 1615 2968 perdam:
1656 2891 1748 2948 his
1792 2891 1952 2949 enim
1992 2890 2137 2968 ipsis
2177 2891 2258 2948 le-

348 2982 558 3060 gendis
585 2982 648 3039 in
675 2983 1024 3041 memoriam
1053 2984 1239 3042 redeo
1266 2998 1651 3044 mortuorum.
1732 2987 1868 3044 Nec
1888 3007 2033 3044 vero
2054 3005 2257 3063 quem·
2324 2989 2333 2994 ’

349 3097 528 3154 quam
548 3097 757 3136 senum
783 3077 981 3136 audivi
1003 3079 1271 3148 oblitum,
1290 3101 1409 3156 quo
1428 3082 1561 3139 loco
1582 3082 1925 3139 thesaurum
1948 3081 2255 3139 obruisset.

349 3172 585 3242 Omnia,
619 3194 752 3250 quae
793 3186 1016 3241 curant,
1052 3176 1485 3234 meminerunt:
1528 3175 1865 3235 vadimonia
1904 3177 2252 3246 constituta3

349 3268 456 3347 qui
489 3268 622 3338 sibi,
653 3270 748 3328 cui
781 3268 896 3348 ipsi
929 3269 1208 3328 debeant.
1290 3277 1387 3329 22.
1420 3269 1589 3342 Quid
1621 3272 2059 3350 jurisconsulti,
2112 3272 2257 3351 quid

349 3365 678 3444 pontifices,
723 3363 868 3442 quid
923 3385 1203 3442 augures,
1250 3365 1395 3441 quid
1441 3366 1783 3444 philosophi
1814 3370 2037 3426 senes¹l
2080 3389 2257 3446 quam

349 3463 550 3519 multa·
567 3459 996 3520 meminerunt!
1081 3461 1331 3520 Manent
1358 3461 1599 3539 ingenia
1634 3463 1891 3532 senibus,
1920 3464 2101 3521 modo
2127 3485 2257 3542 per-

349 3570 584 3615 maneat
623 3555 885 3615 studium
919 3569 979 3613 et
1011 3555 1343 3616 industria:
1386 3579 1499 3617 nec
1538 3579 1612 3616 ea
1650 3560 1843 3617 solum
1877 3558 1937 3616 in
1980 3561 2155 3618 claris
2194 3573 2257 3618 et

305 3723 312 3738 .
347 3649 648 3709 honoratis
678 3652 836 3720 viris,
869 3653 976 3714 sed
1010 3652 1072 3710 in
1099 3652 1218 3712 vita
1260 3632 1442 3714 etiain
1475 3655 1711 3735 privata
1750 3669 1813 3716 et
1844 3655 2064 3734 quieta.
2145 3656 2256 3714 So-

347 3745 594 3822 phocles
635 3745 710 3806 ad
749 3767 1044 3809 summam
1083 3763 1457 3812 senectutem
1499 3751 1822 3831 tragoedias
1860 3752 2040 3812 fecit:
2096 3752 2256 3829 quod
