2492 4392
532 353 681 394 swa
716 351 799 392 na
837 351 1384 394 Amorum—car.
1410 351 1519 405 χι,
1542 352 1658 394 111.
1979 341 2064 400 49

134 505 257 542 mus
280 483 529 562 Papum
552 483 872 542 AEmilium
894 482 967 542 C.
987 482 1254 541 Luscino
1278 482 1639 542 familiarem
1667 483 1854 542 fuisse
1885 485 1999 564 (sic
2028 507 2066 546 a

132 581 399 658 patribus
421 579 818 657 accepimus),
835 579 931 636 bis
950 597 1073 636 una
1096 579 1392 648 consules,
1409 581 1668 657 colleg-as
1691 579 1752 637 in
1775 601 2060 654 censura3

132 688 255 732 tum
291 689 357 734 et
390 696 537 734 cum
565 675 641 732 iis
675 686 737 732 et
770 675 929 732 inter
962 694 1029 733 se
1064 674 1576 753 conjunctissimos
1601 674 1786 734 fuisse
1814 677 1922 734 Μ’.
1943 675 2062 736 Cu·

128 772 302 842 rium,
326 785 391 830 et
416 772 517 829 Ti.
538 771 1005 840 Coruncanium,
1027 770 1330 828 memorias
1351 770 1655 848 proditum
1685 783 1791 828 est.
1866 771 2062 848 Igitur

129 888 205 926 ne
224 868 532 946 suspicari
550 866 793 943 quidem
812 885 1143 944 possumne,
1164 885 1526 943 quemquam
1543 865 1756 924 horum
1773 867 1850 925 ab
1865 865 2060 926 amico

132 949 451 1041 quidpiam
478 961 879 1032 contendisse,
902 961 1063 1038 quod
1088 974 1294 1020 contra
1314 961 1513 1030 fidem,
1535 973 1742 1020 contra
1758 961 2058 1040 jusjuran-

132 1057 293 1126 dum,
331 1069 549 1116 contra
592 1057 1028 1135 rempublicam
1071 1069 1245 1115 esset.
1346 1056 1510 1117 Nam
1551 1057 1668 1116 hoc
1709 1056 1954 1134 quidem
1995 1058 2060 1117 in

132 1153 353 1210 talibus
386 1153 537 1210 viris
573 1152 716 1230 quid
752 1152 960 1211 attinet
991 1152 1212 1222 dicere,
1248 1152 1301 1210 si
1335 1151 1750 1222 contendisset,
1779 1153 2056 1232 impeta-a-

133 1260 337 1312 turum
371 1267 497 1305 non
526 1247 746 1318 fuisse}
791 1267 927 1306 cum
955 1247 1045 1305 illi
1073 1247 1426 1306 sanctissimi
1453 1249 1564 1306 viri
1590 1248 1810 1308 fuerint
1826 1271 1842 1320 ς
1885 1269 2058 1326 aeque

136 1355 335 1401 autem
362 1343 541 1400 nefas
571 1342 666 1412 sit,
688 1343 811 1401 tale
842 1342 1064 1420 aliquid
1092 1356 1151 1401 et
1176 1343 1378 1402 facere
1405 1356 1678 1422 rogatum
1707 1357 1768 1402 et
1791 1345 2057 1422 rogare?

134 1439 221 1495 At
236 1458 384 1497 vero
411 1438 553 1496 Tib.
571 1437 918 1497 Gracchum
944 1438 1350 1515 sequebantur
1376 1438 1446 1496 C.
1465 1439 1683 1508 Garbe,
1706 1439 1777 1498 C.
1797 1440 1972 1510 cate,
1997 1451 2059 1498 et

134 1535 383 1594 minime
410 1547 559 1593 tunc
587 1533 835 1610 quidem
860 1534 1045 1592 Caius
1071 1534 1278 1604 frater,
1300 1554 1458 1592 nunc
1486 1533 1646 1594 idem
1677 1535 2016 1596 acerrimus.
2055 1473 2116 1578 ἑ

212 1727 365 1786 XII.
410 1731 509 1784 40.
543 1725 701 1784 Haec
723 1725 907 1804 igitur
924 1727 1024 1784 lex
1053 1727 1113 1785 in
1146 1726 1402 1788 amicitia
1428 1729 1742 1799 sanciatur,
1765 1739 1832 1788 ut
1856 1747 2058 1807 neque

134 1842 419 1900 rogemus
460 1842 561 1880 res
602 1834 829 1901 turpeS,
864 1842 975 1880 nec
1006 1821 1294 1881 faciamus
1337 1824 1545 1902 rogati.
1630 1824 1856 1904 Turpis
1897 1823 2059 1883 enim

139 1919 451 1977 excusatio
485 1930 597 1987 est,
628 1930 693 1976 et
724 1917 969 1976 minime
1003 1917 1364 1997 accipienda,
1393 1940 1528 1979 cum
1562 1919 1624 1978 in
1659 1919 1877 1978 ceteris
1919 1937 2058 1998 pec-

138 2013 303 2083 catis,
348 2027 481 2071 tum
530 2013 582 2070 si
625 2013 757 2090 quis
806 2025 1011 2072 contra
1060 2015 1490 2092 rempublicam
1538 2035 1604 2074 se
1653 2014 1830 2074 amici
1879 2033 2063 2074 causa

137 2107 353 2166 fecisse
374 2108 654 2167 fateatur.
738 2109 979 2167 Etenim
1004 2129 1081 2168 eo
1096 2111 1256 2180 loce,
1275 2109 1470 2170 Fanni
1487 2124 1546 2170 et
1567 2111 1855 2179 Scaevola,
1874 2109 2062 2168 locati

138 2223 365 2273 sumus,
405 2195 473 2262 ut
520 2223 630 2262 nos
676 2203 857 2282 longe
902 2203 1250 2282 prospicere
1295 2217 1568 2284 oporteat
1607 2206 1838 2264 futuros
1887 2225 2062 2264 casus

140 2298 511 2376 reipublicae.
596 2298 870 2356 Defiexit
892 2299 1024 2377 jam
1067 2299 1496 2375 aliquantulum
1531 2300 1608 2358 de
1649 2300 1844 2379 spatio
1878 2299 2060 2359 curri-

140 2394 401 2470 culoque
421 2393 797 2451 consuetudo
814 2394 1126 2471 majorum.
1196 2395 1290 2452 41.
1322 2393 1457 2452 Tib.
1475 2394 1784 2454 Gracchus
1803 2415 2062 2474 regnum

144 2507 440 2566 occupare
462 2500 707 2546 conatus
725 2500 829 2557 est,
840 2489 939 2546 vel
952 2489 1231 2566 regnavit
1246 2489 1296 2551 is
1315 2489 1556 2566 quidem
1575 2510 1794 2568 paucos
1809 2511 2059 2550 menses.

146 2581 315 2640 Num
339 2581 485 2660 quid
507 2582 703 2641 simile
729 2584 989 2661 populus
1014 2584 1323 2641 Romanus
1350 2583 1635 2654 audierat,
1659 2599 1762 2644 aut
1787 2586 2062 2644 viderat‘i

146 2678 333 2736 Hunc
367 2678 553 2736 etiam
587 2691 721 2756 post
752 2691 1005 2736 mortem
1037 2679 1225 2738 secuti
1262 2677 1436 2737 a‘mici
1471 2694 1530 2738 et
1563 2681 1883 2760 propinqui
1917 2681 2062 2758 quid

142 2775 207 2832 in
231 2776 305 2834 P.
326 2775 673 2852 Scipionem
704 2773 1030 2844 effecerint,
1060 2774 1189 2832 sine
1217 2775 1478 2834 lacrimis
1505 2795 1626 2834 non
1654 2797 1810 2854 queo
1837 2763 2062 2835 dicere.

148 2872 311 2930 Nam
347 2871 710 2940 Carbonem,
740 2891 981 2948 quoquo
1012 2870 1195 2928 modo
1228 2870 1548 2948 potuimus,
1575 2883 1818 2949 propter
1855 2892 2062 2930 recen-

144 2979 273 3023 tem
311 2986 557 3044 poenam
593 2966 728 3024 Tib.
756 2965 1035 3034 Gracchi,
1070 2965 1472 3025 sustinuimus.
1571 2965 1672 3024 De
1706 2967 1778 3026 C.
1807 2967 2064 3027 Gracchi

148 3074 357 3120 autem
385 3061 688 3120 tribunatu
713 3061 854 3138 quid
881 3074 1254 3140 exspectem,
1274 3081 1395 3120 non
1422 3061 1570 3121 libet
1598 3062 1908 3140 augurari:
1943 3083 2064 3120 ser-

148 3159 239 3236 pit
278 3158 441 3216 enim
482 3157 705 3216 deinde
744 3177 857 3227 res,
890 3179 1023 3235 quae
1064 3158 1390 3238 proclivius
1433 3158 1512 3216 ad
1548 3158 1894 3238 perniciem,
1929 3178 2066 3216 cum

148 3255 339 3311 semel
371 3253 572 3330 coepit,
602 3253 838 3312 labitur.
917 3253 1151 3312 Videtis
1176 3255 1239 3312 in
1273 3255 1496 3313 tabella
1516 3255 1646 3333 jam
1684 3267 1822 3312 ante
1851 3264 2070 3330 quanta

152 3351 308 3412 facta
352 3351 431 3410 sit
471 3351 660 3418 labes,
693 3351 887 3428 primo
918 3351 1179 3411 Gabinia
1209 3354 1370 3431 lege,
1405 3351 1650 3410 biennio
1699 3362 1896 3407 autem
1937 3360 2070 3424 post

150 3447 381 3507 Cassia.
448 3445 681 3504 Videre
697 3445 827 3524 jam
846 3445 1053 3504 videor
1074 3443 1382 3525 populum,
1405 3467 1441 3506 a
1461 3459 1668 3505 senatu
1692 3443 2068 3523 disjunctum,

150 3539 683 3616 multitudinisque
718 3539 960 3598 arbitrio
992 3560 1089 3598 res
1129 3539 1424 3598 maximas
1457 3538 1572 3617 agi.
1655 3537 1874 3596 Plures
1907 3535 2070 3594 enim

146 3635 398 3706 discent,
436 3631 947 3712 quemadmodum
986 3637 1115 3693 haec
1154 3635 1316 3701 fiant,
1352 3653 1528 3710 quam
1566 3630 2072 3709 quemadmodum

142 3732 237 3792 his
262 3731 604 3793 resistatur.
690 3734 784 3788 42.
819 3729 1125 3802 Quorsum
1152 3727 1328 3788 haec'i
1372 3725 1512 3803 quia
1535 3726 1664 3784 sine
1689 3725 1862 3784 sociis
1897 3743 2076 3785 nemo

1095 3824 1146 3883 C
1323 3821 1334 3836 .
