2492 4392
361 322 440 379 1ss
811 338 972 399 mr.
1005 339 1333 382 cinnoma
1368 339 1534 381 caro
1569 339 1797 392 nasot,
1900 349 1909 378 ³

353 489 474 528 non
501 479 821 549 oporteret.
894 468 1156 546 Impedit
1183 469 1343 527 enim
1370 469 1681 528 consilium
1700 471 2007 549 voluptas;
2036 469 2255 528 rationi

355 569 592 626 inimica
631 580 724 625 est
763 587 832 624 ac
873 568 1088 625 mentis
1129 567 1220 644 (ut
1254 567 1339 625 ita
1372 566 1591 640 dicam)
1626 569 1981 646 praestringit
2020 571 2251 638 oculos,

351 683 468 720 nec
497 663 672 720 habet
702 662 888 720 ullum
919 682 1054 719 cum
1091 663 1303 719 virtute
1337 663 1772 736 com-mercium.
1852 663 2077 722 Invitus
2108 664 2249 733 feci,

353 769 420 814 ut
449 757 748 816 fortissimi
781 757 892 814 viri
923 757 996 814 T.
1013 756 1337 814 Flaminini
1368 757 1631 826 fratrem,
1659 757 1732 814 L.
1753 757 2175 829 Flamininum,
2212 780 2249 816 e

293 863 300 869 '
353 860 562 911 senatu
605 851 902 930 ejicerem,
939 865 1168 929 septem
1211 851 1378 910 annis
1380 865 1727 956 postquam
1768 856 1973 911 consul
2003 854 2246 913 fuisset.

351 947 458 1006 sed
481 946 794 1005 notandam
813 947 1017 1024 putavi
1036 925 1413 1004 libidinem.
1446 947 1563 1004 Ille
1590 947 1745 1006 enim
1772 967 1908 1006 cum
1936 962 2091 1007 esset
2112 970 2248 1008 con-

351 1043 445 1100 sul
491 1043 553 1099 in
587 1042 808 1109 Galha,
819 1055 1100 1100 exoratus
1131 1041 1192 1098 in
1225 1042 1495 1098 convivio
1528 1062 1564 1098 a
1594 1055 1789 1099 scorto
1820 1055 1927 1110 est,
1958 1056 2022 1102 ut
2053 1045 2251 1102 securi

353 1136 556 1194 feriret
595 1137 854 1214 aliquem
888 1157 1112 1205 eorum,
1140 1136 1240 1212 qui
1268 1136 1329 1192 in
1361 1135 1609 1216 vinculis
1637 1151 1837 1194 'essent
1870 1137 2126 1196 damnati
2160 1139 2251 1196 rei

355 1233 639 1310 capitalis.
735 1232 858 1290 Hic
895 1231 1052 1298 Tito,
1087 1231 1269 1288 fratre
1316 1251 1446 1298 suo,
1482 1251 1729 1290 censore
1772 1232 1904 1309 (qui
1942 1233 2251 1311 proximus

355 1338 492 1384 ante
533 1345 630 1382 me
664 1324 900 1400 fuerat),
929 1325 1166 1400 elapsus
1197 1335 1323 1380 est:
1366 1323 1509 1380 mihi
1537 1342 1679 1380 vero
1708 1336 1771 1380 et
1798 1324 2019 1382 Flacco
2054 1325 2251 1382 nentia

355 1441 530 1498 quam
566 1420 806 1498 probari
837 1419 1028 1497 potuit
1059 1430 1184 1474 tam
1214 1417 1507 1494 flagitiosa
1538 1431 1597 1474 et
1628 1429 1747 1474 tam
1782 1418 2015 1495 perdita
2046 1418 2251 1487 libido,

355 1536 488 1593 quae
517 1535 652 1572 cum
679 1514 898 1592 probro
924 1513 1158 1592 privato
1185 1513 1573 1592 conjungeret
1600 1513 1835 1592 imperii
1862 1513 2141 1572 dedecus.

433 1706 611 1765 XIII.
655 1707 748 1764 43.
785 1705 962 1782 Saepe
997 1701 1197 1762 audivi
1225 1723 1261 1760 a
1294 1703 1613 1780 majoribus
1646 1716 1805 1772 natu,
1832 1704 1934 1782 qui
1970 1725 2035 1764 se
2070 1725 2251 1783 porro

355 1819 570 1880 pueros
599 1821 634 1858 a
663 1799 901 1858 senibus
937 1798 1173 1856 audisse
1201 1796 1511 1864 dicebant;
1554 1798 1757 1855 mirari
1783 1798 2019 1856 solitum
2047 1799 2115 1856 C.
2135 1799 2251 1868 Ea-

353 1896 623 1964 bricium,
651 1893 830 1972 quod,
858 1913 992 1951 cum
1035 1891 1198 1970 apud
1229 1912 1439 1970 regem
1472 1893 1765 1970 Pyrrhum
1802 1895 2029 1971 legatus
2068 1907 2249 1962 esset,

355 1990 621 2050 audisset
648 2010 683 2047 a
713 1988 998 2048 Thessalo
1029 1986 1237 2057 Cinea,
1267 2007 1397 2046 esse
1428 1989 1720 2065 quendam
1750 1989 2020 2056 Athenis,
2050 1991 2153 2066 qui
2183 2011 2249 2048 se

357 2088 683 2163 sapientem
711 2083 1083 2162 profiteretur
1100 2107 1114 2153 3
1159 2103 1419 2161 eumque
1446 2083 1663 2152 dicere,
1695 2085 1907 2154 omnia,
1930 2106 2064 2163 quae
2094 2085 2249 2148 face?

355 2200 573 2248 remus,
603 2179 677 2238 ad
705 2180 1068 2256 voluptatem
1096 2199 1227 2237 esse
1256 2178 1587 2238 referenda.
1668 2180 1851 2252 Quod
1878 2201 1953 2237 ex
1984 2201 2057 2237 eo
2086 2180 2248 2238 audi-

357 2289 524 2334 entes
555 2276 657 2332 M’.
676 2274 926 2332 Curium
954 2286 1016 2331 et
1040 2273 1110 2330 T.
1131 2274 1571 2332 Coruncanium
1605 2288 1807 2352 optare
1842 2276 2061 2342 solitos,
2086 2289 2153 2334 ut
2184 2275 2249 2333 id

357 2370 738 2437 Samnitibus,
779 2369 1010 2447 ipsique
1053 2369 1285 2445 Pyrrho
1338 2368 1817 2446 persuaderetur,
1849 2391 1969 2448 quo
2014 2369 2248 2428 facilius

354 2464 508 2522 vinci
549 2475 811 2542 possent,
853 2484 988 2520 cum
1035 2483 1098 2520 se
1141 2463 1541 2541 voluptatibus
1587 2463 1901 2524 dedissent.
1986 2465 2251 2523 Vixerat

357 2559 460 2617 Μ’.
480 2559 697 2618 Curius
720 2579 853 2616 cum
877 2558 948 2616 P.
969 2558 1179 2627 Decio,
1202 2558 1324 2636 qui,
1348 2558 1753 2636 quinquennio
1780 2573 1915 2618 ante
1945 2581 2083 2618 eum
2112 2581 2247 2618 con-

301 2681 320 2704 υ
355 2657 561 2724 sulem,
580 2675 643 2712 se
660 2674 770 2732 pro
787 2653 1090 2732 republica
1107 2666 1316 2730 quarto
1334 2655 1639 2712 consulatu
1656 2653 1989 2713 devoverat.
2053 2655 2251 2714 Norat
2276 2679 2281 2686 ·

355 2750 610 2808 eundem
645 2749 974 2818 Fabricius,
1007 2761 1174 2806 norat
1207 2748 1654 2807 Coruncanius:
1705 2749 1805 2826 qui
1848 2770 1979 2808 cum
2021 2769 2099 2808 ex
2138 2771 2250 2808 sua

353 2845 489 2914 vita,
523 2858 649 2903 tum
687 2863 764 2904 ex
805 2845 953 2922 ejus,
985 2863 1163 2920 quem
1197 2843 1349 2912 dico,
1384 2844 1455 2902 P.
1476 2844 1655 2902 Decii
1687 2844 1841 2903 facto
1870 2845 2247 2923 judicabant,

353 2960 485 2998 esse
519 2939 782 3017 profecto
817 2939 1041 3016 aliquid
1075 2934 1295 2996 natura'
1316 2939 1633 3016 pulchrum
1668 2953 1845 3018 atque
1875 2942 2245 3018 praeclarum,

355 3035 509 3113 quod
543 3055 651 3092 sua
689 3047 898 3113 sponte
933 3047 1248 3111 peteretur,
1278 3034 1578 3111 quodque,
1614 3049 1813 3112 spreta
1852 3048 1913 3092 et
1948 3050 2249 3094 contemta

352 3131 678 3210 voluptate,
722 3129 979 3208 optimus
1026 3129 1277 3206 quisque
1332 3143 1696 3206 sequeretur.
1796 3135 1891 3187 44.
1935 3131 2245 3202 Quorsum

353 3226 534 3304 igitur
559 3238 680 3282 tam
707 3225 892 3282 multa
913 3223 988 3280 de
1011 3224 1346 3300 voluptate&
1383 3224 1520 3299 quia
1547 3244 1665 3281 non
1688 3225 1865 3283 modo
1885 3225 2248 3303 vituperatio

352 3319 529 3386 nulla,
552 3317 657 3375 sed
680 3317 857 3374 etiam
885 3335 1115 3373 summa
1137 3316 1267 3372 laus
1296 3315 1613 3372 senectutis
1636 3329 1744 3384 est,
1770 3316 1927 3392 quod
1950 3337 2023 3374 ea
2042 3319 2245 3395 volup-

353 3427 497 3472 tates
532 3414 722 3470 nullas
760 3430 1120 3488 magnopere
1158 3408 1639 3467 desiderat.—-At
1686 3423 1851 3468 caret
1892 3411 2104 3488 epulis,
2144 3432 2245 3470 ex-

352 3509 701 3586 structisque
740 3507 975 3573 mensiS,
1011 3519 1072 3564 et
1103 3505 1504 3582 frequentibus
1546 3505 2058 3583 poculis—Caret
2098 3528 2245 3584 ergo

353 3604 532 3663 etiam
571 3603 909 3672 vinolentia,
945 3614 1004 3659 et
1045 3600 1352 3670 cruditate,
1387 3613 1446 3659 et
1484 3601 1804 3659 insomniis.
1895 3601 2018 3660 Sed
2052 3603 2102 3659 si
2136 3603 2242 3660 ali-

353 3699 498 3778 quid
533 3698 793 3756 dandum
836 3710 926 3756 est
966 3696 1271 3776 voluptati,
1306 3698 1582 3776 quoniam
1626 3698 1753 3777 ejus
1786 3697 2083 3756 blanditiis
2124 3717 2245 3758 non
