2492 4392
402 364 487 423 66
949 375 1019 420 u.
1048 377 1109 418 ‘r-
1140 375 1470 418 cressonis
1507 373 1768 427 nasius,

400 509 683 579 Romani,
720 529 837 568 non
880 507 1161 568 comitem
1204 507 1451 566 diceres.
1549 505 1676 564 Sed
1711 505 1978 576 affuistis,
2013 517 2074 564 et
2115 519 2215 566 est
2252 508 2312 566 in

402 605 676 664 manibus
720 603 929 662 oratio.
1010 604 1221 680 Itaque
1259 605 1362 662 lex
1405 601 1712 681 popularis
1755 601 2054 678 suffragiis
2095 603 2314 680 populi

398 699 715 779 repudiata
744 712 853 758 est.
932 699 1149 776 Atque,
1178 713 1247 757 ut
1281 698 1356 758 ad
1389 719 1488 756 me
1523 698 1790 766 redeam,
1821 699 2201 768 meministis,
2233 700 2311 771 Q.

402 798 692 866 Maximo,
710 796 891 855 fiatre
919 795 1233 874 Scipionis,
1261 809 1324 854 et
1347 796 1421 854 L.
1441 794 1720 853 Mancino
1747 795 2112 863 consulibua,
2131 815 2311 872 quam

396 891 703 971 popularis
735 892 837 949 lex
868 891 949 948 de
990 891 1344 950 sacerdotiis
1377 890 1448 948 C.
1469 888 1690 948 Licinii
1723 889 1924 948 Crassi
1955 890 2308 948 videbatur:

396 987 697 1067 cooptatio
738 986 901 1045 enim
940 986 1334 1064 collegiorum
1375 985 1452 1043 ad
1487 985 1696 1063 populi
1728 985 2086 1044 beneficium
2127 1000 2313 1044 trans-

394 1081 712 1141 ferebatur.
778 1084 983 1159 Atque
1006 1080 1057 1138 is
1077 1081 1306 1159 primus
1325 1081 1579 1138 instituit
1599 1081 1660 1138 in
1681 1080 1879 1139 forum
1900 1099 2106 1139 versus
2129 1100 2310 1157 agere

394 1193 529 1232 cum
564 1175 827 1252 populo:
880 1187 1077 1232 tamen
1118 1173 1278 1232 illius
1318 1172 1685 1232 vendibilem
1727 1173 2054 1232 orationem
2097 1173 2313 1250 religio

396 1269 643 1328 deorum
670 1269 1107 1338 immortalium,
1128 1269 1296 1326 nobis
1317 1267 1793 1336 defendentibus,
1815 1268 1992 1327 facile
2015 1268 2310 1326 vincebat.

392 1366 597 1440 Atque
624 1364 685 1422 id
714 1377 912 1424 actum
945 1375 1037 1424 est
1064 1376 1319 1442 praetore
1363 1383 1479 1432 me,
1511 1363 1916 1440 quinquennio
1957 1376 2092 1422 ante
2127 1383 2310 1440 quam

396 1461 601 1519 consul
635 1479 767 1518 sum
799 1460 1007 1519 factus.
1106 1459 1316 1536 Itaque
1360 1479 1430 1517 re
1477 1459 1690 1537 magis,
1725 1455 1904 1535 quam
1953 1459 2308 1518 auctoritate

394 1573 573 1614 causa
599 1553 705 1612 illa
730 1553 975 1614 defensa
998 1566 1105 1612 est.
1134 1537 1173 1606 l
1183 1529 1287 1614 44

474 1746 715 1806 XXVI.
754 1750 851 1804 97.
884 1744 1074 1817 Quod
1106 1743 1157 1803 si
1191 1745 1252 1802 in
1295 1764 1496 1813 scena,
1539 1743 1602 1801 id
1645 1756 1752 1812 est,
1795 1743 1859 1802 in
1903 1743 2214 1814 concione,
2247 1743 2308 1802 in

396 1861 517 1921 qua
554 1844 735 1902 rebus
776 1842 931 1900 fictis
964 1854 1029 1900 et
1062 1839 1422 1900 adumbratis
1454 1840 1574 1898 loci
1606 1839 1928 1917 plurimum
1969 1852 2078 1907 est,
2106 1851 2306 1897 tamen

395 1959 609 1999 verum
648 1939 825 2008 valet,
864 1937 913 1998 si
952 1937 1133 1996 modo
1170 1937 1233 1994 id
1271 1937 1636 2016 patefactum
1679 1947 1740 1996 et
1777 1935 2134 1994 illustratum
2183 1947 2304 2006 est3

396 2034 545 2113 quid
573 2035 635 2093 in
668 2033 931 2092 amicitia
959 2031 1091 2091 fieri
1118 2045 1372 2111 oportet,
1399 2051 1534 2108 quae
1561 2043 1686 2090 tota
1711 2030 1962 2089 veritate
1989 2029 2306 2108 perpendi·

394 2132 535 2190 tur‘l
576 2130 639 2188 in
665 2150 785 2208 qua
812 2128 941 2198 nisi,
970 2141 1037 2186 ut
1064 2127 1295 2196 dicitur,
1325 2139 1599 2205 apertum
1626 2140 1837 2205 pectus
1865 2125 2082 2194 videno,
2111 2137 2304 2184 tuum—

396 2246 519 2303 que
564 2225 851 2292 ostendas,
884 2223 1033 2282 nihil
1066 2208 1454 2291 fidum,'nihi1
1493 2223 1868 2300 exploratum
1908 2221 2166 2290 habea„
2228 2241 2307 2281 ne

396 2340 599 2380 amare
626 2319 885 2397 quidem,
910 2333 1011 2378 aut
1036 2317 1240 2386 amari,
1263 2337 1422 2387 cum,
1442 2316 1505 2375 id
1527 2337 1707 2393 quam
1733 2335 1876 2374 vere
1903 2316 2026 2384 fiat,
2047 2316 2303 2393 ignores.

395 2414 781 2490 Quamquam
808 2416 925 2473 ista
956 2413 1292 2482 assentati0‚
1301 2412 1568 2488 quamvis
1601 2411 1934 2490 perniciosa
1963 2411 2057 2481 sit,
2085 2431 2304 2469 nocere

392 2521 593 2566 tamen
634 2508 859 2564 nemini
900 2521 1117 2586 potest,
1148 2507 1266 2566 nisi
1307 2507 1384 2576 ei,
1420 2507 1526 2584 qui
1565 2527 1704 2566 eam
1745 2506 1973 2585 recipit,
2009 2519 2188 2583 atque
2229 2525 2305 2564 ea

394 2600 740 2660 delectatur.
820 2602 915 2660 Ita
952 2601 1035 2672 fit,
1068 2615 1135 2661 ut
1173 2603 1225 2662 is
1271 2602 1730 2664 assentatoribus
1769 2601 2093 2680 patefaciat
2133 2621 2305 2660 aures

392 2716 529 2756 suas
562 2696 841 2767 maxime,
870 2698 977 2774 qui
1004 2697 1135 2777 ipse
1168 2698 1283 2756 sibi
1311 2711 1658 2767 assentetur,
1689 2710 1752 2758 et
1781 2718 1850 2756 se
1884 2697 2142 2756 maxime
2169 2696 2303 2778 ipse

394 2790 667 2850 delectet.
748 2796 845 2850 98.
878 2792 1138 2852 Omnino
1166 2805 1260 2851 est
1288 2811 1491 2852 amans
1515 2793 1609 2851 sui
1627 2793 1848 2862 virtus3
1889 2793 2114 2871 optime
2143 2793 2305 2852 enim

390 2908 461 2948 se
488 2887 619 2966 ipsa
644 2889 823 2958 novit,
853 2909 1151 2967 quamque
1185 2889 1456 2947 amabilis
1487 2889 1578 2958 sit,
1607 2889 1914 2968 intelligit:
1957 2909 2074 2966 ego
2101 2902 2304 2948 autem

392 3002 513 3042 non
536 2983 613 3044 de
634 2984 851 3044 virtute
877 3005 1031 3044 nunc
1056 2987 1284 3063 loquor,
1307 2984 1416 3043 sed
1439 2984 1518 3044 de
1537 2985 1772 3044 virtutis
1799 2985 2096 3064 opinione.
2165 2985 2301 3044 Vir·-

390 3091 515 3138 tute
558 3079 719 3140 enim
750 3080 881 3159 ipsa
918 3101 1043 3142 non
1079 3094 1201 3140 tam
1241 3080 1408 3138 multi
1439 3079 1678 3158 praediti
1717 3091 1868 3150 esse,
1899 3103 2077 3159 quam
2111 3081 2303 3140 videri

392 3176 617 3235 volunt.
699 3175 836 3234 Hos
870 3175 1129 3235 delectat
1178 3177 1533 3246 assentati03
1587 3177 1681 3235 his
1715 3177 1886 3236 fictus
1928 3177 2002 3236 ad
2036 3177 2302 3257 ipsorum

390 3273 757 3330 voluntatem
788 3291 985 3329 sermo
1014 3293 1148 3330 cum
1176 3270 1510 3340 adhibetur,
1535 3273 1863 3332 orationem
1886 3273 2046 3332 illam
2067 3293 2300 3344 vanam,

392 3367 795 3426 testimonium
830 3386 965 3425 esse
990 3366 1235 3424 laudum
1272 3385 1514 3425 suarum
1541 3381 1768 3446 putant.
1854 3368 2042 3426 Nulla
2075 3381 2168 3426 est
2193 3369 2301 3446 igi-

390 3475 491 3520 tur
514 3463 645 3522 haec
679 3462 953 3530 amicitia,
981 3482 1117 3520 cum
1152 3463 1305 3521 alter
1337 3482 1544 3522 verum
1579 3463 1788 3522 audire
1821 3485 1946 3524 non
1979 3466 2124 3534 vult,
2155 3464 2304 3524 alter

390 3556 468 3616 ad
494 3557 903 3618 mentiendum
930 3570 1175 3636 paratus
1210 3570 1321 3617 est.
1404 3558 1540 3617 Nec
1565 3560 1956 3636 parasitorum
1984 3560 2048 3618 in
2082 3580 2301 3620 comoe-

391 3651 509 3710 diis
550 3651 866 3712 assentatio
906 3651 1077 3712 nobis
1114 3651 1310 3714 faceta
1341 3652 1669 3726 videretur,
1697 3653 1812 3714 nisi
1848 3668 2048 3714 essent
2083 3655 2301 3716 milites

388 3745 654 3820 gloriosi.
