<?xml version="1.0" encoding="UTF-8"?>
<!DOCTYPE html PUBLIC "-//W3C//DTD XHTML 1.0 Transitional//EN"
    "http://www.w3.org/TR/xhtml1/DTD/xhtml1-transitional.dtd">
<html xmlns="http://www.w3.org/1999/xhtml" xml:lang="en" lang="en">
 <head>
  <title>
</title>
<meta http-equiv="Content-Type" content="text/html;charset=utf-8" />
  <meta name='ocr-system' content='tesseract 3.04.00' />
  <meta name='ocr-capabilities' content='ocr_page ocr_carea ocr_par ocr_line ocrx_word'/>
</head>
<body>
  <div class='ocr_page' id='page_1' title='image "./desenectutedeam01anthgoog_0018.png"; bbox 0 0 2492 4392; ppageno 0'>
   <div class='ocr_carea' id='block_1_1' title="bbox 2072 618 2129 657">
    <p class='ocr_par' dir='ltr' id='par_1_1' title="bbox 2072 618 2129 657">
     <span class='ocr_line' id='line_1_1' title="bbox 2072 618 2129 657; baseline 0 0"><span class='ocrx_word' id='word_1_1' title='bbox 2072 618 2129 657; x_wconf 50' lang='grc' dir='ltr'>Κ</span> 
     </span>
    </p>
   </div>
   <div class='ocr_carea' id='block_1_2' title="bbox 215 769 2067 915">
    <p class='ocr_par' dir='ltr' id='par_1_2' title="bbox 215 769 2067 915">
     <span class='ocr_line' id='line_1_2' title="bbox 215 769 2067 915; baseline 0.003 -58"><span class='ocrx_word' id='word_1_2' title='bbox 215 770 315 857; x_wconf 90' lang='grc' dir='ltr'><strong>Μ.</strong></span> <span class='ocrx_word' id='word_1_3' title='bbox 365 771 457 857; x_wconf 85' lang='grc' dir='ltr'><strong>Τ.</strong></span> <span class='ocrx_word' id='word_1_4' title='bbox 519 769 1196 915; x_wconf 61' lang='lat' dir='ltr'>CICERONIS</span> <span class='ocrx_word' id='word_1_5' title='bbox 1270 771 1577 861; x_wconf 73' lang='lat' dir='ltr'><strong>CATO</strong></span> <span class='ocrx_word' id='word_1_6' title='bbox 1648 774 2067 880; x_wconf 69' lang='lat' dir='ltr'><strong>MAIOR,</strong></span> 
     </span>
    </p>
   </div>
   <div class='ocr_carea' id='block_1_3' title="bbox 1062 970 1257 1009">
    <p class='ocr_par' dir='ltr' id='par_1_3' title="bbox 1062 970 1257 1009">
     <span class='ocr_line' id='line_1_3' title="bbox 1062 970 1257 1009; baseline 0 0"><span class='ocrx_word' id='word_1_7' title='bbox 1062 970 1257 1009; x_wconf 62' lang='lat' dir='ltr'><strong>ulva</strong></span> 
     </span>
    </p>
   </div>
   <div class='ocr_carea' id='block_1_4' title="bbox 465 1108 1833 1185">
    <p class='ocr_par' dir='ltr' id='par_1_4' title="bbox 465 1108 1833 1185">
     <span class='ocr_line' id='line_1_4' title="bbox 465 1108 1833 1185; baseline 0.003 -4"><span class='ocrx_word' id='word_1_8' title='bbox 465 1108 662 1181; x_wconf 88' lang='lat' dir='ltr'><strong>DE</strong></span> <span class='ocrx_word' id='word_1_9' title='bbox 774 1108 1833 1185; x_wconf 85' lang='lat' dir='ltr'><strong>SENEC-TUTE.</strong></span> 
     </span>
    </p>
   </div>
   <div class='ocr_carea' id='block_1_5' title="bbox 579 1424 1717 1494">
    <p class='ocr_par' dir='ltr' id='par_1_5' title="bbox 579 1424 1717 1494">
     <span class='ocr_line' id='line_1_5' title="bbox 579 1424 1717 1494; baseline 0.003 -3"><span class='ocrx_word' id='word_1_10' title='bbox 579 1432 683 1491; x_wconf 77' lang='lat' dir='ltr'><strong>Ad</strong></span> <span class='ocrx_word' id='word_1_11' title='bbox 719 1433 936 1493; x_wconf 72' lang='lat' dir='ltr'><strong>Trruu</strong></span> <span class='ocrx_word' id='word_1_12' title='bbox 972 1433 1363 1493; x_wconf 70' lang='lat' dir='ltr'><strong>Pouromum</strong></span> <span class='ocrx_word' id='word_1_13' title='bbox 1398 1424 1717 1494; x_wconf 72' lang='lat' dir='ltr'><strong>Arrmuu.</strong></span> 
     </span>
    </p>
   </div>
   <div class='ocr_carea' id='block_1_6' title="bbox 157 1556 2101 3731">
    <p class='ocr_par' dir='ltr' id='par_1_6' title="bbox 259 1556 1804 1640">
     <span class='ocr_line' id='line_1_6' title="bbox 259 1556 1804 1640; baseline 0.002 -24"><span class='ocrx_word' id='word_1_14' title='bbox 259 1558 314 1617; x_wconf 92' lang='grc' dir='ltr'><strong>Ι.</strong></span> <span class='ocrx_word' id='word_1_15' title='bbox 369 1558 426 1616; x_wconf 91' lang='lat'><em>0</em></span> <span class='ocrx_word' id='word_1_16' title='bbox 463 1556 617 1640; x_wconf 65' lang='lat' dir='ltr'><strong>Tite,</strong></span> <span class='ocrx_word' id='word_1_17' title='bbox 644 1558 698 1615; x_wconf 73' lang='lat' dir='ltr'><strong>si</strong></span> <span class='ocrx_word' id='word_1_18' title='bbox 725 1556 870 1635; x_wconf 81' lang='lat' dir='ltr'><strong>quid</strong></span> <span class='ocrx_word' id='word_1_19' title='bbox 897 1578 1002 1633; x_wconf 81' lang='lat' dir='ltr'><strong>ego</strong></span> <span class='ocrx_word' id='word_1_20' title='bbox 1028 1558 1254 1636; x_wconf 76' lang='lat' dir='ltr'><strong>adjum,</strong></span> <span class='ocrx_word' id='word_1_21' title='bbox 1282 1578 1547 1617; x_wconf 80' lang='lat' dir='ltr'><strong>curamve</strong></span> <span class='ocrx_word' id='word_1_22' title='bbox 1569 1560 1804 1631; x_wconf 61' lang='lat' dir='ltr'><strong>levas-vo,</strong></span> 
     </span>
    </p>

    <p class='ocr_par' dir='ltr' id='par_1_7' title="bbox 369 1653 1812 1731">
     <span class='ocr_line' id='line_1_7' title="bbox 369 1653 1812 1731; baseline 0.003 -22"><span class='ocrx_word' id='word_1_23' title='bbox 369 1653 518 1729; x_wconf 68' lang='lat' dir='ltr'><strong>Qum</strong></span> <span class='ocrx_word' id='word_1_24' title='bbox 545 1672 695 1711; x_wconf 73' lang='lat' dir='ltr'><strong>nunc</strong></span> <span class='ocrx_word' id='word_1_25' title='bbox 722 1664 774 1715; x_wconf 80' lang='lat' dir='ltr'><strong>te</strong></span> <span class='ocrx_word' id='word_1_26' title='bbox 801 1656 1009 1731; x_wconf 75' lang='lat' dir='ltr'><strong>coquit,</strong></span> <span class='ocrx_word' id='word_1_27' title='bbox 1038 1664 1092 1713; x_wconf 76' lang='lat' dir='ltr'><strong>ec</strong></span> <span class='ocrx_word' id='word_1_28' title='bbox 1118 1665 1310 1712; x_wconf 73' lang='lat' dir='ltr'><strong>versat</strong></span> <span class='ocrx_word' id='word_1_29' title='bbox 1334 1655 1397 1713; x_wconf 73' lang='lat' dir='ltr'><strong>in</strong></span> <span class='ocrx_word' id='word_1_30' title='bbox 1415 1666 1641 1731; x_wconf 77' lang='lat' dir='ltr'><strong>pectore</strong></span> <span class='ocrx_word' id='word_1_31' title='bbox 1647 1656 1812 1731; x_wconf 68' lang='lat' dir='ltr'><strong>fixa,</strong></span> 
     </span>
    </p>

    <p class='ocr_par' dir='ltr' id='par_1_8' title="bbox 187 1750 2101 2011">
     <span class='ocr_line' id='line_1_8' title="bbox 364 1750 1026 1827; baseline 0 -19"><span class='ocrx_word' id='word_1_32' title='bbox 364 1750 610 1827; x_wconf 79' lang='lat' dir='ltr'><strong><em>Ecquid</em></strong></span> <span class='ocrx_word' id='word_1_33' title='bbox 636 1751 748 1807; x_wconf 74' lang='lat' dir='ltr'><strong>erit</strong></span> <span class='ocrx_word' id='word_1_34' title='bbox 763 1750 1026 1826; x_wconf 63' lang='lat' dir='ltr'><strong>proemii?</strong></span> 
     </span>
     <span class='ocr_line' id='line_1_9' title="bbox 189 1833 2101 1923; baseline 0 -19"><span class='ocrx_word' id='word_1_35' title='bbox 189 1833 394 1905; x_wconf 80' lang='lat' dir='ltr'>Licet</span> <span class='ocrx_word' id='word_1_36' title='bbox 402 1847 563 1903; x_wconf 88' lang='lat' dir='ltr'><strong>enim</strong></span> <span class='ocrx_word' id='word_1_37' title='bbox 598 1846 866 1905; x_wconf 80' lang='lat' dir='ltr'><strong>versibus</strong></span> <span class='ocrx_word' id='word_1_38' title='bbox 898 1845 1130 1904; x_wconf 81' lang='lat' dir='ltr'><strong>eisdem</strong></span> <span class='ocrx_word' id='word_1_39' title='bbox 1164 1846 1311 1903; x_wconf 84' lang='lat' dir='ltr'><strong>mihi</strong></span> <span class='ocrx_word' id='word_1_40' title='bbox 1346 1846 1507 1905; x_wconf 82' lang='lat' dir='ltr'><strong>affari</strong></span> <span class='ocrx_word' id='word_1_41' title='bbox 1541 1860 1619 1917; x_wconf 90' lang='lat' dir='ltr'><strong>te,</strong></span> <span class='ocrx_word' id='word_1_42' title='bbox 1644 1848 1862 1917; x_wconf 83' lang='lat' dir='ltr'><strong>Attice,</strong></span> <span class='ocrx_word' id='word_1_43' title='bbox 1886 1847 2101 1923; x_wconf 80' lang='lat' dir='ltr'><strong>quibus</strong></span> 
     </span>
     <span class='ocr_line' id='line_1_10' title="bbox 187 1942 1877 2011; baseline -0.004 -11"><span class='ocrx_word' id='word_1_44' title='bbox 187 1942 404 2001; x_wconf 84' lang='lat' dir='ltr'><strong>affatur</strong></span> <span class='ocrx_word' id='word_1_45' title='bbox 430 1942 860 2011; x_wconf 85' lang='lat' dir='ltr'><strong>Flamininum,</strong></span> <span class='ocrx_word' id='word_1_46' title='bbox 1868 1984 1877 1993; x_wconf 95' lang='lat'>.</span> 
     </span>
    </p>

    <p class='ocr_par' dir='ltr' id='par_1_9' title="bbox 188 2036 1871 2212">
     <span class='ocr_line' id='line_1_11' title="bbox 367 2036 1871 2113; baseline -0.001 -18"><span class='ocrx_word' id='word_1_47' title='bbox 367 2038 484 2096; x_wconf 82' lang='lat' dir='ltr'><em>Ille</em></span> <span class='ocrx_word' id='word_1_48' title='bbox 513 2039 621 2107; x_wconf 81' lang='lat' dir='ltr'><strong>vir,</strong></span> <span class='ocrx_word' id='word_1_49' title='bbox 649 2038 814 2095; x_wconf 74' lang='lat' dir='ltr'><strong>haud</strong></span> <span class='ocrx_word' id='word_1_50' title='bbox 837 2058 1055 2113; x_wconf 80' lang='lat' dir='ltr'><strong>magna</strong></span> <span class='ocrx_word' id='word_1_51' title='bbox 1083 2058 1211 2096; x_wconf 77' lang='lat' dir='ltr'><strong>cum</strong></span> <span class='ocrx_word' id='word_1_52' title='bbox 1237 2058 1317 2107; x_wconf 78' lang='lat' dir='ltr'><strong>re,</strong></span> <span class='ocrx_word' id='word_1_53' title='bbox 1346 2038 1445 2095; x_wconf 75' lang='lat' dir='ltr'><strong>sed</strong></span> <span class='ocrx_word' id='word_1_54' title='bbox 1464 2037 1663 2113; x_wconf 74' lang='lat' dir='ltr'><strong>plenu’</strong></span> <span class='ocrx_word' id='word_1_55' title='bbox 1673 2036 1871 2111; x_wconf 79' lang='lat' dir='ltr'><strong>fidei.-</strong></span> 
     </span>
     <span class='ocr_line' id='line_1_12' title="bbox 188 2132 1595 2212; baseline -0.001 -20"><span class='ocrx_word' id='word_1_56' title='bbox 188 2154 552 2212; x_wconf 86' lang='lat' dir='ltr'><strong>quamquam</strong></span> <span class='ocrx_word' id='word_1_57' title='bbox 571 2146 740 2193; x_wconf 88' lang='lat' dir='ltr'><strong>certo</strong></span> <span class='ocrx_word' id='word_1_58' title='bbox 760 2136 902 2206; x_wconf 83' lang='lat' dir='ltr'><strong>scie,</strong></span> <span class='ocrx_word' id='word_1_59' title='bbox 921 2154 1054 2204; x_wconf 87' lang='lat' dir='ltr'><strong>non,</strong></span> <span class='ocrx_word' id='word_1_60' title='bbox 1085 2148 1148 2193; x_wconf 91' lang='lat' dir='ltr'><strong>ut</strong></span> <span class='ocrx_word' id='word_1_61' title='bbox 1173 2132 1595 2203; x_wconf 83' lang='lat' dir='ltr'><strong>Flamininum,</strong></span> 
     </span>
    </p>

    <p class='ocr_par' dir='ltr' id='par_1_10' title="bbox 157 2228 2099 3731">
     <span class='ocr_line' id='line_1_13' title="bbox 370 2228 1682 2306; baseline 0 -20"><span class='ocrx_word' id='word_1_62' title='bbox 370 2229 699 2287; x_wconf 77' lang='lat' dir='ltr'><strong>Sollicitari</strong></span> <span class='ocrx_word' id='word_1_63' title='bbox 727 2240 795 2298; x_wconf 84' lang='lat' dir='ltr'><strong>te,</strong></span> <span class='ocrx_word' id='word_1_64' title='bbox 830 2228 982 2298; x_wconf 75' lang='lat' dir='ltr'><strong>Tite,</strong></span> <span class='ocrx_word' id='word_1_65' title='bbox 1009 2230 1094 2287; x_wconf 72' lang='lat' dir='ltr'><strong>sic</strong></span> <span class='ocrx_word' id='word_1_66' title='bbox 1117 2241 1409 2306; x_wconf 72' lang='lat' dir='ltr'><strong>noctesque</strong></span> <span class='ocrx_word' id='word_1_67' title='bbox 1435 2230 1682 2306; x_wconf 72' lang='lat' dir='ltr'><strong>diesque.</strong></span> 
     </span>
     <span class='ocr_line' id='line_1_14' title="bbox 187 2324 2099 2402; baseline 0.001 -20"><span class='ocrx_word' id='word_1_68' title='bbox 187 2324 354 2382; x_wconf 81' lang='lat' dir='ltr'><strong>Novi</strong></span> <span class='ocrx_word' id='word_1_69' title='bbox 383 2325 542 2382; x_wconf 87' lang='lat' dir='ltr'><strong>enim</strong></span> <span class='ocrx_word' id='word_1_70' title='bbox 572 2324 1039 2381; x_wconf 82' lang='lat' dir='ltr'><strong>moderationem</strong></span> <span class='ocrx_word' id='word_1_71' title='bbox 1076 2325 1259 2382; x_wconf 84' lang='lat' dir='ltr'><strong>animi</strong></span> <span class='ocrx_word' id='word_1_72' title='bbox 1286 2325 1391 2393; x_wconf 87' lang='lat' dir='ltr'><strong>tui,</strong></span> <span class='ocrx_word' id='word_1_73' title='bbox 1420 2338 1481 2382; x_wconf 91' lang='lat' dir='ltr'><strong>et</strong></span> <span class='ocrx_word' id='word_1_74' title='bbox 1507 2324 1880 2401; x_wconf 82' lang='lat' dir='ltr'><strong>aequitatem:</strong></span> <span class='ocrx_word' id='word_1_75' title='bbox 1916 2336 2099 2402; x_wconf 88' lang='lat' dir='ltr'><strong>teque</strong></span> 
     </span>
     <span class='ocr_line' id='line_1_15' title="bbox 185 2420 2096 2513; baseline 0.003 -37"><span class='ocrx_word' id='word_1_76' title='bbox 185 2440 306 2477; x_wconf 87' lang='lat' dir='ltr'><strong>non</strong></span> <span class='ocrx_word' id='word_1_77' title='bbox 331 2440 664 2497; x_wconf 82' lang='lat' dir='ltr'><strong>cognomen</strong></span> <span class='ocrx_word' id='word_1_78' title='bbox 687 2422 876 2477; x_wconf 83' lang='lat' dir='ltr'><strong>solum</strong></span> <span class='ocrx_word' id='word_1_79' title='bbox 895 2421 1146 2495; x_wconf 84' lang='lat' dir='ltr'><strong>Athenis</strong></span> <span class='ocrx_word' id='word_1_80' title='bbox 1165 2420 1525 2513; x_wconf 56' lang='lat' dir='ltr'><strong>deporgasse,</strong></span> <span class='ocrx_word' id='word_1_81' title='bbox 1550 2420 1657 2479; x_wconf 83' lang='lat' dir='ltr'><strong>sed</strong></span> <span class='ocrx_word' id='word_1_82' title='bbox 1676 2422 2096 2481; x_wconf 82' lang='lat' dir='ltr'><strong>humanitatem</strong></span> 
     </span>
     <span class='ocr_line' id='line_1_16' title="bbox 187 2515 2097 2603; baseline 0.001 -29"><span class='ocrx_word' id='word_1_83' title='bbox 187 2529 249 2574; x_wconf 91' lang='lat' dir='ltr'><strong>et</strong></span> <span class='ocrx_word' id='word_1_84' title='bbox 287 2515 674 2594; x_wconf 82' lang='lat' dir='ltr'><strong>prudentiam</strong></span> <span class='ocrx_word' id='word_1_85' title='bbox 716 2516 1006 2603; x_wconf 51' lang='lat' dir='ltr'><strong>intelkigo.</strong></span> <span class='ocrx_word' id='word_1_86' title='bbox 1089 2517 1173 2574; x_wconf 89' lang='lat' dir='ltr'><strong>Et</strong></span> <span class='ocrx_word' id='word_1_87' title='bbox 1213 2530 1412 2575; x_wconf 82' lang='lat' dir='ltr'><strong>tamen</strong></span> <span class='ocrx_word' id='word_1_88' title='bbox 1456 2530 1517 2575; x_wconf 88' lang='lat' dir='ltr'><strong>te</strong></span> <span class='ocrx_word' id='word_1_89' title='bbox 1559 2519 1827 2596; x_wconf 82' lang='lat' dir='ltr'><strong>suspicor</strong></span> <span class='ocrx_word' id='word_1_90' title='bbox 1867 2518 2097 2577; x_wconf 88' lang='lat' dir='ltr'><strong>eisdem</strong></span> 
     </span>
     <span class='ocr_line' id='line_1_17' title="bbox 184 2611 2093 2691; baseline 0.002 -21"><span class='ocrx_word' id='word_1_91' title='bbox 184 2612 386 2681; x_wconf 69' lang='lat' dir='ltr'><strong>rebuS,</strong></span> <span class='ocrx_word' id='word_1_92' title='bbox 423 2613 637 2688; x_wconf 84' lang='lat' dir='ltr'><strong>quibus</strong></span> <span class='ocrx_word' id='word_1_93' title='bbox 685 2634 781 2669; x_wconf 91' lang='lat' dir='ltr'><strong>me</strong></span> <span class='ocrx_word' id='word_1_94' title='bbox 825 2612 1042 2691; x_wconf 87' lang='lat' dir='ltr'><strong>ipsum,</strong></span> <span class='ocrx_word' id='word_1_95' title='bbox 1077 2611 1377 2675; x_wconf 68' lang='lat' dir='ltr'><strong>intendam</strong></span> <span class='ocrx_word' id='word_1_96' title='bbox 1431 2615 1665 2691; x_wconf 80' lang='lat' dir='ltr'><strong>gravius</strong></span> <span class='ocrx_word' id='word_1_97' title='bbox 1714 2617 2093 2685; x_wconf 84' lang='lat' dir='ltr'><strong>commoveri,</strong></span> 
     </span>
     <span class='ocr_line' id='line_1_18' title="bbox 185 2707 2093 2788; baseline 0.001 -22"><span class='ocrx_word' id='word_1_98' title='bbox 185 2728 440 2785; x_wconf 83' lang='lat' dir='ltr'><strong>quarum</strong></span> <span class='ocrx_word' id='word_1_99' title='bbox 474 2707 796 2767; x_wconf 82' lang='lat' dir='ltr'><strong>consolatio</strong></span> <span class='ocrx_word' id='word_1_100' title='bbox 830 2720 890 2765; x_wconf 88' lang='lat' dir='ltr'><strong>et</strong></span> <span class='ocrx_word' id='word_1_101' title='bbox 924 2708 1115 2786; x_wconf 85' lang='lat' dir='ltr'><strong>major</strong></span> <span class='ocrx_word' id='word_1_102' title='bbox 1148 2722 1260 2778; x_wconf 81' lang='lat' dir='ltr'><strong>est,</strong></span> <span class='ocrx_word' id='word_1_103' title='bbox 1292 2723 1352 2767; x_wconf 83' lang='lat' dir='ltr'><strong>et</strong></span> <span class='ocrx_word' id='word_1_104' title='bbox 1386 2709 1446 2766; x_wconf 88' lang='lat' dir='ltr'><strong>in</strong></span> <span class='ocrx_word' id='word_1_105' title='bbox 1483 2708 1643 2770; x_wconf 81' lang='lat' dir='ltr'><strong>aliud</strong></span> <span class='ocrx_word' id='word_1_106' title='bbox 1669 2722 1903 2788; x_wconf 84' lang='lat' dir='ltr'><strong>tempus</strong></span> <span class='ocrx_word' id='word_1_107' title='bbox 1932 2710 2093 2767; x_wconf 85' lang='lat' dir='ltr'><strong>diffe-</strong></span> 
     </span>
     <span class='ocr_line' id='line_1_19' title="bbox 181 2802 2091 2883; baseline 0.002 -23"><span class='ocrx_word' id='word_1_108' title='bbox 181 2803 384 2863; x_wconf 88' lang='lat' dir='ltr'><strong>renda.</strong></span> <span class='ocrx_word' id='word_1_109' title='bbox 467 2802 650 2861; x_wconf 87' lang='lat' dir='ltr'><strong>Nunc</strong></span> <span class='ocrx_word' id='word_1_110' title='bbox 685 2816 885 2861; x_wconf 87' lang='lat' dir='ltr'><strong>autem</strong></span> <span class='ocrx_word' id='word_1_111' title='bbox 918 2805 1114 2862; x_wconf 79' lang='lat' dir='ltr'><strong>visum</strong></span> <span class='ocrx_word' id='word_1_112' title='bbox 1148 2817 1238 2863; x_wconf 81' lang='lat' dir='ltr'><strong>est</strong></span> <span class='ocrx_word' id='word_1_113' title='bbox 1272 2804 1416 2862; x_wconf 89' lang='lat' dir='ltr'><strong>mihi</strong></span> <span class='ocrx_word' id='word_1_114' title='bbox 1452 2805 1530 2863; x_wconf 92' lang='lat' dir='ltr'><strong>de</strong></span> <span class='ocrx_word' id='word_1_115' title='bbox 1561 2816 1833 2863; x_wconf 70' lang='lat' dir='ltr'><strong>maa-tute</strong></span> <span class='ocrx_word' id='word_1_116' title='bbox 1868 2806 2091 2883; x_wconf 87' lang='lat' dir='ltr'><strong>aliquid</strong></span> 
     </span>
     <span class='ocr_line' id='line_1_20' title="bbox 185 2898 2093 2977; baseline 0 -20"><span class='ocrx_word' id='word_1_117' title='bbox 185 2898 260 2956; x_wconf 84' lang='lat' dir='ltr'><strong>ad</strong></span> <span class='ocrx_word' id='word_1_118' title='bbox 293 2912 356 2957; x_wconf 91' lang='lat' dir='ltr'><strong>te</strong></span> <span class='ocrx_word' id='word_1_119' title='bbox 390 2898 790 2956; x_wconf 86' lang='lat' dir='ltr'><strong>conscribere.</strong></span> <span class='ocrx_word' id='word_1_120' title='bbox 873 2904 929 2956; x_wconf 81' lang='lat'><strong>2.</strong></span> <span class='ocrx_word' id='word_1_121' title='bbox 965 2899 1106 2957; x_wconf 91' lang='lat' dir='ltr'><strong>Hoc</strong></span> <span class='ocrx_word' id='word_1_122' title='bbox 1139 2900 1298 2970; x_wconf 82' lang='lat' dir='ltr'><strong>enim</strong></span> <span class='ocrx_word' id='word_1_123' title='bbox 1334 2920 1533 2969; x_wconf 89' lang='lat' dir='ltr'><strong>onere,</strong></span> <span class='ocrx_word' id='word_1_124' title='bbox 1567 2900 1721 2977; x_wconf 89' lang='lat' dir='ltr'><strong>quod</strong></span> <span class='ocrx_word' id='word_1_125' title='bbox 1756 2900 1903 2957; x_wconf 87' lang='lat' dir='ltr'><strong>mihi</strong></span> <span class='ocrx_word' id='word_1_126' title='bbox 1938 2920 2093 2957; x_wconf 90' lang='lat' dir='ltr'><strong>com-</strong></span> 
     </span>
     <span class='ocr_line' id='line_1_21' title="bbox 182 2995 2093 3072; baseline -0.001 -19"><span class='ocrx_word' id='word_1_127' title='bbox 182 3014 362 3053; x_wconf 88' lang='lat' dir='ltr'><strong>mune</strong></span> <span class='ocrx_word' id='word_1_128' title='bbox 399 3007 601 3053; x_wconf 88' lang='lat' dir='ltr'><strong>tecum</strong></span> <span class='ocrx_word' id='word_1_129' title='bbox 639 3007 744 3063; x_wconf 82' lang='lat' dir='ltr'><strong>est,</strong></span> <span class='ocrx_word' id='word_1_130' title='bbox 776 3007 877 3051; x_wconf 90' lang='lat' dir='ltr'><strong>aut</strong></span> <span class='ocrx_word' id='word_1_131' title='bbox 911 2995 1037 3071; x_wconf 83' lang='lat' dir='ltr'><strong>jam</strong></span> <span class='ocrx_word' id='word_1_132' title='bbox 1078 2996 1366 3072; x_wconf 84' lang='lat' dir='ltr'><strong>urgentis,</strong></span> <span class='ocrx_word' id='word_1_133' title='bbox 1396 3008 1498 3053; x_wconf 82' lang='lat' dir='ltr'><strong>aut</strong></span> <span class='ocrx_word' id='word_1_134' title='bbox 1530 3007 1690 3053; x_wconf 83' lang='lat' dir='ltr'><strong>certe</strong></span> <span class='ocrx_word' id='word_1_135' title='bbox 1727 2995 2093 3053; x_wconf 74' lang='lat' dir='ltr'><strong>adventantis</strong></span> 
     </span>
     <span class='ocr_line' id='line_1_22' title="bbox 183 3089 2091 3169; baseline 0 -22"><span class='ocrx_word' id='word_1_136' title='bbox 183 3090 522 3159; x_wconf 72' lang='lat' dir='ltr'><strong>senectutiS,</strong></span> <span class='ocrx_word' id='word_1_137' title='bbox 552 3103 613 3147; x_wconf 90' lang='lat' dir='ltr'><strong>et</strong></span> <span class='ocrx_word' id='word_1_138' title='bbox 647 3102 707 3146; x_wconf 90' lang='lat' dir='ltr'><strong>te</strong></span> <span class='ocrx_word' id='word_1_139' title='bbox 741 3101 803 3146; x_wconf 87' lang='lat' dir='ltr'><strong>et</strong></span> <span class='ocrx_word' id='word_1_140' title='bbox 837 3109 934 3147; x_wconf 92' lang='lat' dir='ltr'><strong>me</strong></span> <span class='ocrx_word' id='word_1_141' title='bbox 962 3090 1159 3169; x_wconf 84' lang='lat' dir='ltr'><strong>ipsum</strong></span> <span class='ocrx_word' id='word_1_142' title='bbox 1187 3090 1373 3148; x_wconf 87' lang='lat' dir='ltr'><strong>levari</strong></span> <span class='ocrx_word' id='word_1_143' title='bbox 1400 3092 1569 3148; x_wconf 89' lang='lat' dir='ltr'><strong>volo:</strong></span> <span class='ocrx_word' id='word_1_144' title='bbox 1614 3090 1726 3147; x_wconf 83' lang='lat' dir='ltr'><strong>etsi</strong></span> <span class='ocrx_word' id='word_1_145' title='bbox 1752 3102 1811 3149; x_wconf 92' lang='lat' dir='ltr'><strong>te</strong></span> <span class='ocrx_word' id='word_1_146' title='bbox 1845 3089 2091 3167; x_wconf 86' lang='lat' dir='ltr'><strong>quidem</strong></span> 
     </span>
     <span class='ocr_line' id='line_1_23' title="bbox 181 3182 2091 3269; baseline -0.002 -30"><span class='ocrx_word' id='word_1_147' title='bbox 181 3182 238 3241; x_wconf 85' lang='lat' dir='ltr'><strong>id</strong></span> <span class='ocrx_word' id='word_1_148' title='bbox 276 3183 514 3243; x_wconf 87' lang='lat' dir='ltr'><strong>modice</strong></span> <span class='ocrx_word' id='word_1_149' title='bbox 552 3202 622 3240; x_wconf 85' lang='lat' dir='ltr'><strong>ac</strong></span> <span class='ocrx_word' id='word_1_150' title='bbox 657 3182 976 3269; x_wconf 83' lang='lat' dir='ltr'><strong>sapienter,</strong></span> <span class='ocrx_word' id='word_1_151' title='bbox 1005 3183 1159 3241; x_wconf 80' lang='lat' dir='ltr'><strong>sicut</strong></span> <span class='ocrx_word' id='word_1_152' title='bbox 1193 3183 1408 3251; x_wconf 85' lang='lat' dir='ltr'><strong>omnia,</strong></span> <span class='ocrx_word' id='word_1_153' title='bbox 1438 3182 1708 3251; x_wconf 74' lang='lat' dir='ltr'><strong>etserre,</strong></span> <span class='ocrx_word' id='word_1_154' title='bbox 1739 3194 1801 3239; x_wconf 87' lang='lat' dir='ltr'><strong>et</strong></span> <span class='ocrx_word' id='word_1_155' title='bbox 1833 3185 2091 3239; x_wconf 85' lang='lat' dir='ltr'><strong>laturum</strong></span> 
     </span>
     <span class='ocr_line' id='line_1_24' title="bbox 183 3275 2089 3351; baseline -0.003 -14"><span class='ocrx_word' id='word_1_156' title='bbox 183 3300 309 3338; x_wconf 84' lang='lat' dir='ltr'><strong>esse</strong></span> <span class='ocrx_word' id='word_1_157' title='bbox 331 3292 498 3337; x_wconf 91' lang='lat' dir='ltr'><strong>certo</strong></span> <span class='ocrx_word' id='word_1_158' title='bbox 520 3278 665 3337; x_wconf 78' lang='lat' dir='ltr'><strong>scio,</strong></span> <span class='ocrx_word' id='word_1_159' title='bbox 726 3276 847 3334; x_wconf 89' lang='lat' dir='ltr'><strong>Sed</strong></span> <span class='ocrx_word' id='word_1_160' title='bbox 870 3278 1034 3347; x_wconf 83' lang='lat' dir='ltr'><strong>mihi,</strong></span> <span class='ocrx_word' id='word_1_161' title='bbox 1054 3297 1188 3335; x_wconf 89' lang='lat' dir='ltr'><strong>cum</strong></span> <span class='ocrx_word' id='word_1_162' title='bbox 1211 3278 1289 3335; x_wconf 90' lang='lat' dir='ltr'><strong>de</strong></span> <span class='ocrx_word' id='word_1_163' title='bbox 1312 3291 1611 3336; x_wconf 84' lang='lat' dir='ltr'><strong>senectute</strong></span> <span class='ocrx_word' id='word_1_164' title='bbox 1626 3278 1841 3337; x_wconf 85' lang='lat' dir='ltr'><strong>vellem</strong></span> <span class='ocrx_word' id='word_1_165' title='bbox 1865 3275 2089 3351; x_wconf 86' lang='lat' dir='ltr'><strong>aliquid</strong></span> 
     </span>
     <span class='ocr_line' id='line_1_25' title="bbox 181 3373 2089 3450; baseline -0.004 -17"><span class='ocrx_word' id='word_1_166' title='bbox 181 3377 458 3444; x_wconf 80' lang='lat' dir='ltr'><strong>scribere,</strong></span> <span class='ocrx_word' id='word_1_167' title='bbox 492 3387 561 3433; x_wconf 88' lang='lat' dir='ltr'><strong>tu</strong></span> <span class='ocrx_word' id='word_1_168' title='bbox 603 3375 954 3431; x_wconf 82' lang='lat' dir='ltr'><strong>occurrebas</strong></span> <span class='ocrx_word' id='word_1_169' title='bbox 995 3373 1212 3450; x_wconf 83' lang='lat' dir='ltr'><strong>dignus</strong></span> <span class='ocrx_word' id='word_1_170' title='bbox 1254 3395 1325 3431; x_wconf 92' lang='lat' dir='ltr'><strong>eo</strong></span> <span class='ocrx_word' id='word_1_171' title='bbox 1366 3392 1634 3440; x_wconf 86' lang='lat' dir='ltr'><strong>munere,</strong></span> <span class='ocrx_word' id='word_1_172' title='bbox 1672 3393 1791 3448; x_wconf 89' lang='lat' dir='ltr'><strong>quo</strong></span> <span class='ocrx_word' id='word_1_173' title='bbox 1834 3385 2089 3443; x_wconf 85' lang='lat' dir='ltr'><strong>uterque</strong></span> 
     </span>
     <span class='ocr_line' id='line_1_26' title="bbox 157 3463 2091 3545; baseline -0.005 -16"><span class='ocrx_word' id='word_1_174' title='bbox 157 3486 445 3531; x_wconf 76' lang='lat' dir='ltr'><strong>&#39;nostrum</strong></span> <span class='ocrx_word' id='word_1_175' title='bbox 476 3469 875 3529; x_wconf 88' lang='lat' dir='ltr'><strong>communiter</strong></span> <span class='ocrx_word' id='word_1_176' title='bbox 906 3482 1186 3528; x_wconf 88' lang='lat' dir='ltr'><strong>uteretur.</strong></span> <span class='ocrx_word' id='word_1_177' title='bbox 1268 3468 1421 3527; x_wconf 89' lang='lat' dir='ltr'><strong>Mihi</strong></span> <span class='ocrx_word' id='word_1_178' title='bbox 1449 3468 1691 3545; x_wconf 89' lang='lat' dir='ltr'><strong>quidem</strong></span> <span class='ocrx_word' id='word_1_179' title='bbox 1719 3467 1805 3523; x_wconf 88' lang='lat' dir='ltr'><strong>ita</strong></span> <span class='ocrx_word' id='word_1_180' title='bbox 1821 3463 2091 3541; x_wconf 85' lang='lat' dir='ltr'><strong>jucunda.</strong></span> 
     </span>
     <span class='ocr_line' id='line_1_27' title="bbox 177 3550 2089 3647; baseline -0.005 -22"><span class='ocrx_word' id='word_1_181' title='bbox 177 3568 348 3647; x_wconf 68' lang='lat' dir='ltr'><strong>huJus</strong></span> <span class='ocrx_word' id='word_1_182' title='bbox 383 3566 526 3625; x_wconf 85' lang='lat' dir='ltr'><strong>libri</strong></span> <span class='ocrx_word' id='word_1_183' title='bbox 561 3564 858 3622; x_wconf 84' lang='lat' dir='ltr'><strong>confectio</strong></span> <span class='ocrx_word' id='word_1_184' title='bbox 887 3564 1018 3631; x_wconf 85' lang='lat' dir='ltr'><strong>fuit,</strong></span> <span class='ocrx_word' id='word_1_185' title='bbox 1047 3577 1113 3622; x_wconf 86' lang='lat' dir='ltr'><strong>ut</strong></span> <span class='ocrx_word' id='word_1_186' title='bbox 1145 3584 1263 3621; x_wconf 89' lang='lat' dir='ltr'><strong>non</strong></span> <span class='ocrx_word' id='word_1_187' title='bbox 1296 3564 1475 3621; x_wconf 88' lang='lat' dir='ltr'><strong>modo</strong></span> <span class='ocrx_word' id='word_1_188' title='bbox 1509 3580 1714 3618; x_wconf 79' lang='lat' dir='ltr'><strong>omnes</strong></span> <span class='ocrx_word' id='word_1_189' title='bbox 1751 3550 2089 3616; x_wconf 78' lang='lat' dir='ltr'><strong>absterserit</strong></span> 
     </span>
     <span class='ocr_line' id='line_1_28' title="bbox 173 3638 2087 3731; baseline -0.008 -8"><span class='ocrx_word' id='word_1_190' title='bbox 173 3663 494 3723; x_wconf 73' lang='lat' dir='ltr'><strong>senectutis</strong></span> <span class='ocrx_word' id='word_1_191' title='bbox 530 3660 853 3727; x_wconf 73' lang='lat' dir='ltr'><strong>molestiae,</strong></span> <span class='ocrx_word' id='word_1_192' title='bbox 882 3638 992 3715; x_wconf 80' lang='lat' dir='ltr'><strong>sed</strong></span> <span class='ocrx_word' id='word_1_193' title='bbox 1017 3659 1278 3717; x_wconf 78' lang='lat' dir='ltr'><strong>effecerit</strong></span> <span class='ocrx_word' id='word_1_194' title='bbox 1306 3658 1544 3715; x_wconf 87' lang='lat' dir='ltr'><strong>mollem</strong></span> <span class='ocrx_word' id='word_1_195' title='bbox 1574 3653 1753 3710; x_wconf 81' lang='lat' dir='ltr'><strong>etiam</strong></span> <span class='ocrx_word' id='word_1_196' title='bbox 1788 3664 1849 3709; x_wconf 88' lang='lat' dir='ltr'><strong>et</strong></span> <span class='ocrx_word' id='word_1_197' title='bbox 1872 3653 2087 3731; x_wconf 88' lang='lat' dir='ltr'><strong>jucun-</strong></span> 
     </span>
    </p>
   </div>
   <div class='ocr_carea' id='block_1_7' title="bbox 174 3746 2085 3903">
    <p class='ocr_par' dir='ltr' id='par_1_11' title="bbox 174 3746 2085 3903">
     <span class='ocr_line' id='line_1_29' title="bbox 174 3746 2085 3829; baseline -0.004 -14"><span class='ocrx_word' id='word_1_198' title='bbox 174 3758 305 3817; x_wconf 83' lang='lat' dir='ltr'><strong>dam</strong></span> <span class='ocrx_word' id='word_1_199' title='bbox 347 3766 752 3818; x_wconf 68' lang='lat' dir='ltr'><strong>senectutem.</strong></span> <span class='ocrx_word' id='word_1_200' title='bbox 851 3751 1180 3827; x_wconf 85' lang='lat' dir='ltr'><strong>Nunquam</strong></span> <span class='ocrx_word' id='word_1_201' title='bbox 1221 3752 1407 3829; x_wconf 86' lang='lat' dir='ltr'><strong>igitur</strong></span> <span class='ocrx_word' id='word_1_202' title='bbox 1449 3748 1591 3806; x_wconf 84' lang='lat' dir='ltr'><strong>satis</strong></span> <span class='ocrx_word' id='word_1_203' title='bbox 1631 3746 1861 3807; x_wconf 86' lang='lat' dir='ltr'><strong>laudari</strong></span> <span class='ocrx_word' id='word_1_204' title='bbox 1905 3746 2085 3827; x_wconf 86' lang='lat' dir='ltr'><strong>digne</strong></span> 
     </span>
     <span class='ocr_line' id='line_1_30' title="bbox 1105 3848 1164 3903; baseline 0 0"><span class='ocrx_word' id='word_1_205' title='bbox 1105 3848 1164 3903; x_wconf 79' lang='lat' dir='ltr'>A</span> 
     </span>
    </p>
   </div>
   <div class='ocr_carea' id='block_1_8' title="bbox 2179 696 2211 712">
    <p class='ocr_par' dir='ltr' id='par_1_12' title="bbox 2179 696 2211 712">
     <span class='ocr_line' id='line_1_31' title="bbox 2179 696 2211 712; baseline 0 0"><span class='ocrx_word' id='word_1_206' title='bbox 2179 696 2211 712; x_wconf 53' lang='lat' dir='ltr'>N</span> 
     </span>
    </p>
   </div>
   <div class='ocr_carea' id='block_1_9' title="bbox 2214 710 2247 725">
    <p class='ocr_par' dir='ltr' id='par_1_13' title="bbox 2214 710 2247 725">
     <span class='ocr_line' id='line_1_32' title="bbox 2214 710 2247 725; baseline 0 -3"><span class='ocrx_word' id='word_1_207' title='bbox 2214 710 2247 725; x_wconf 43' lang='grc' dir='ltr'>κ</span> 
     </span>
    </p>
   </div>
  </div>
 </body>
</html>
