2492 4392
531 395 680 438 s1vn
723 396 806 436 nn
841 395 1467 437 summeverae—car.
1494 395 1647 447 x1v.,
1672 395 1781 437 xv.
2044 381 2123 438 19

187 527 328 586 cinii
355 527 566 586 Crassi
599 539 661 584 et
688 525 986 604 pontificii
1027 538 1091 586 et
1115 525 1301 584 civilis
1320 525 1475 604 juris
1500 523 1701 584 studio
1726 526 1975 603 loquarl
2018 539 2125 586 aut

183 623 264 680 de
285 625 468 702 hujus
491 623 570 679 P.
595 622 919 700 Scipionis,
943 622 1048 699 qui
1067 622 1156 679 his
1179 622 1387 700 paucis
1408 621 1621 679 diebus
1641 621 1913 698 pontifex
1934 622 2123 680 maxi·

185 738 319 776 mus
355 720 561 776 factus
601 719 740 776 est'l
821 717 1014 794 Atqui
1049 737 1154 774 eos
1191 737 1417 785 omnes,
1442 735 1594 792 quos
1634 711 2118 787 commemoravi,

139 877 162 888 θ
183 813 278 871 his
312 811 530 870 studiis
555 812 882 888 flagrantes
916 831 1092 870 senes
1119 811 1395 869 vidimus.
1476 811 1561 868 M.
1591 829 1733 869 vero
1760 811 2117 890 Cethegum,

181 910 382 984 queni'
405 920 576 965 recte
609 905 834 966 Suadae
864 906 1179 964 medullam
1205 905 1361 963 dixit
1386 905 1639 974 Ennius,
1670 917 1891 984 quanto
1914 905 2117 965 studio

185 1003 474 1062 exemeri
495 1003 562 1059 in
591 1001 852 1060 dicendo
869 1001 1240 1070 videbamus,
1266 999 1446 1059 etiam
1470 1004 1711 1061 senem!
1796 1001 1955 1073 Qum
1980 1013 2120 1060 sunt

181 1099 378 1176 igitur
421 1100 762 1176 epularum,
787 1108 906 1170 ,aut
943 1097 1238 1166 ludorum,
1274 1109 1377 1154 aut
1414 1110 1741 1156 scortorum
1780 1099 2117 1176 voluptates

189 1214 334 1250 cum
361 1193 458 1250 his
489 1191 898 1270 voluptatibus
939 1190 1353 1268 comparandae
1378 1191 1401 1250 'i
1482 1192 1683 1268 Atque
1717 1192 1845 1250 haec
1872 1191 2117 1268 quidem

189 1287 394 1346 studia
427 1285 714 1344 doctrinae
739 1309 754 1344 ε
797 1305 934 1362 quae
969 1285 1208 1362 quidem
1240 1283 1631 1362 prudentibus
1670 1299 1735 1344 et
1767 1287 1925 1344 bene
1956 1285 2117 1344 insti·

189 1383 334 1439 tutis
362 1382 596 1460 pariter
624 1401 764 1440 cum
793 1393 970 1440 aetate
997 1393 1297 1451 crescunt3
1332 1394 1400 1439 ut
1425 1383 1739 1440 honestum
1766 1382 1916 1441 illud
1946 1383 2117 1442 Solo-

187 1480 284 1536 nis
314 1478 414 1548 sit,
441 1477 604 1554 quod
633 1478 718 1535 ait
741 1477 1040 1534 versiculo
1067 1475 1341 1554 quodam,
1368 1490 1437 1535 ut
1466 1489 1605 1536 ente
1630 1477 1777 1548 dixi,
1804 1497 2117 1538 senescere

193 1595 262 1632 se
291 1575 488 1632 multa
514 1574 573 1630 in
603 1573 734 1632 dies
769 1572 1217 1632 addiscentem-z
1260 1593 1381 1649 qua
1404 1574 1717 1652 voluptate
1744 1575 1923 1633 animi
1948 1575 2117 1633 nulla

191 1683 364 1728 certe
400 1681 606 1748 potest
631 1687 768 1727 esse
797 1669 1004 1746 major.

271 1861 423 1919 XV.
465 1865 563 1918 51.
593 1859 799 1917 Venio
827 1877 982 1916 nunc
1005 1857 1080 1916 ad
1101 1859 1435 1937 voluptates
1464 1859 1879 1937 agricolarum,
1898 1858 2115 1936 quibus

189 1975 316 2034 ego
366 1955 798 2014 incredibiliter
839 1941 1107 2014 delector
1125 1979 1142 2014 ε
1199 1975 1335 2033 quae
1382 1975 1497 2014 nec
1544 1957 1669 2014 ulla
1712 1955 2119 2033 impediuntur

191 2065 531 2121 senectute,
565 2063 627 2110 et
673 2051 820 2108 mihi
861 2050 938 2108 ad
979 2051 1257 2129 sapientis
1294 2051 1481 2108 vitam
1528 2051 1803 2128 proxime
1844 2049 2120 2110 videntur

190 2146 512 2204 accedere.
595 2143 848 2203 Habent
886 2146 1045 2203 enim
1083 2147 1377 2205 rationem
1412 2165 1551 2204 cum
1584 2157 1764 2214 terra,
1794 2164 1928 2223 quae
1970 2165 2117 2204 nun-

189 2261 380 2318 quam
421 2253 660 2299 recusat
691 2239 1032 2318 imperium,
1056 2259 1170 2298 nec
1207 2259 1473 2316 unquam
1514 2239 1646 2297 sine.
1676 2259 1859 2298 usura
1896 2239 2111 2309 reddit,

189 2336 360 2414 quod
395 2337 664 2414 accepit3
709 2334 813 2392 sed
849 2335 996 2394 alias
1029 2336 1283 2406 minore,
1309 2337 1665 2414 plerumque
1706 2337 1931 2414 majore
1972 2355 2110 2394 cum

185 2434 424 2490 fenore.
507 2432 896 2508 Quamquam
936 2451 1036 2489 me
1067 2431 1311 2508 quidem
1352 2451 1471 2490 non
1507 2431 1735 2493 fructus
1776 2432 1967 2502 mod0,
2004 2431 2113 2492 sed

191 2528 378 2585 etiam
421 2527 614 2606 ipsius
661 2539 836 2584 terrae
881 2525 972 2584 vis
1021 2545 1089 2584 ac
1137 2539 1349 2584 natura
1390 2527 1665 2587 delectat.
1760 2528 1937 2600 Quae,
1973 2549 2112 2588 cum

193 2624 426 2701 gremio
443 2622 674 2680 mollito
691 2642 761 2680 ac
785 2622 1032 2680 subacto
1053 2637 1325 2700 sparsum
1348 2641 1553 2680 semen
1572 2623 1831 2702 excepit,
1851 2625 2111 2703 primum

189 2719 258 2776 id
291 2730 658 2776 occaecatum
697 2717 972 2786 cohibet;
1025 2735 1102 2774 ex
1145 2737 1269 2794 quo
1310 2718 1552 2788 occatio,
1586 2739 1723 2798 quae
1757 2719 1869 2777 hoc
1910 2719 2111 2789 efficit,

191 2814 502 2872 nominata
541 2825 669 2870 estt
727 2811 948 2869 deinde
987 2811 1353 2891 tepefactum
1394 2832 1615 2892 vapore
1662 2827 1725 2871 et
1762 2835 2114 2893 compressu

191 2929 304 2967 suo
327 2908 607 2977 diffindit,
627 2919 688 2966 et
713 2906 876 2965 elicit
894 2908 1349 2966 herbescentem
1374 2926 1451 2966 ex
1467 2928 1542 2966 eo
1556 2908 1944 2968 viriditatem:
1978 2931 2112 2986 quae

195 2985 338 3062 tiixa
379 3003 545 3060 fibris
597 3003 889 3080 stirpium,
931 3003 1150 3060 sensim
1197 3001 1506 3071 adolescit,
1548 3004 1867 3080 culmoque
1916 3016 2113 3063 erecta

197 3103 542 3180 geniculato
567 3101 796 3178 vaginis
814 3101 943 3179 jam
973 3101 1142 3179 quasi
1169 3101 1507 3180 pubescens
1534 3101 1891 3174 includitur3
1928 3124 1961 3160 e
1984 3103 2109 3181 qui-

193 3200 308 3256 bus
337 3217 477 3255 cum
506 3196 770 3265 emersit,
797 3195 994 3254 fundit
1019 3196 1255 3274 frugem
1283 3197 1455 3276 spici,
1482 3196 1687 3254 ordine
1722 3210 2024 3265 structam,
2054 3211 2114 3254 et

197 3307 406 3351 contra
446 3291 648 3350 avium
688 3291 982 3349 minorum
1021 3307 1254 3349 morsus
1294 3292 1555 3350 munitur
1586 3294 1741 3350 vallo
1782 3292 2111 3349 aristarum.

197 3394 294 3448 52.
329 3387 499 3460 Quid
535 3407 652 3464 ego
683 3387 894 3444 vitium
933 3400 1116 3457 orme,
1145 3399 1325 3456 same,
1352 3387 1721 3445 incrementa
1752 3403 2111 3442 commemo-

195 3485 366 3543 rem?
409 3482 613 3540 satiari
641 3481 1032 3540 delectatione
1063 3501 1185 3540 non
1219 3501 1479 3560 possum,
1510 3495 1574 3540 ut
1604 3499 1757 3538 meae
1790 3478 2111 3554 senectutis

194 3581 527 3656 requietem
557 3577 1174 3654 oblectamentumque
1203 3577 1477 3635 noscatis.
1556 3573 1783 3632 Omitto
1808 3571 1965 3629 enim
1992 3571 2113 3630 vim

194 3676 382 3756 ipsam
410 3673 704 3742 omnium,
733 3691 865 3749 quae
893 3684 1257 3750 generantur
1289 3691 1325 3728 e
1352 3683 1550 3741 terra;
1593 3687 1725 3745 quae
1754 3685 1833 3724 ex
1858 3667 1960 3727 fici,
1982 3679 2115 3726 tan-

187 3773 312 3832 tulo
337 3786 555 3851 grano,
581 3775 688 3830 aut
703 3783 785 3825 ex
804 3767 978 3826 acino
997 3767 1263 3834 vinaceo,
1286 3777 1390 3824 aut
1416 3765 1493 3824 ex
1520 3775 1854 3824 ceterarum
1872 3761 2113 3842 frugum
