2492 4392
948 246 1001 275 s

362 330 447 387 86
788 386 801 399 ‚
1058 338 1126 381 u.
1159 338 1219 381 τ.
1253 288 1580 381 cicazonis

362 476 633 551 cuiquam
656 472 882 531 servire.
962 468 1037 527 In
1063 468 1406 529 libertatem
1432 465 1718 543 vindicari
1745 465 1915 525 vult‘l
1998 465 2288 553 Minime.

365 568 533 642 Quid
566 568 729 647 enim
770 563 1085 644 adjungit}
1177 565 1315 624 Nm‘
1347 563 1508 623 vobis
1546 562 1842 621 universi-5.
1939 558 2288 619 Dominum

363 676 612 732 mutare,
637 682 756 721 non
790 661 943 721 liber
974 680 1107 719 esse
1141 660 1282 718 vult.
1367 658 1593 735 Quibus
1623 668 1677 716 et
1698 676 2002 734 possumus
2033 667 2087 715 et
2113 656 2288 715 debe-

362 778 504 817 mm.
580 756 713 815 Nos
733 775 891 826 vero,
912 755 962 813 si
982 753 1225 832 quidem
1253 753 1452 813 animo
1469 753 1714 811 excelso
1739 764 1803 811 et
1827 754 1945 811 slto
1967 764 2030 810 et
2047 751 2282 810 virtuti-

362 853 478 911 bus
505 864 869 929 exaggerato
894 868 1119 919 sumus,
1147 868 1260 907 uec
1287 846 1596 917 debemus,
1615 867 1728 905 nec
1755 866 2089 925 possumus.
2177 847 2284 905 Tu

364 966 546 1026 posse
568 959 629 1005 te
652 944 853 1015 dicito,
872 944 1150 1022 quoniam
1168 942 1414 1021 quidem
1435 954 1635 1021 potes:
1671 941 1896 1001 debere
1915 962 1992 999 ne
2017 940 2245 999 dixeris
2257 964 2277 1013 ς

359 1041 643 1119 quoniam
680 1040 827 1098 nihil
859 1039 1171 1117 quisquam
1204 1036 1408 1107 debet,
1442 1036 1556 1095 nisi
1587 1036 1750 1113 quod
1791 1048 1884 1095 est
1931 1049 2108 1114 turpe
2157 1055 2279 1093 non

364 1134 643 1194 reddere.
724 1134 847 1195 Sed
882 1134 1009 1193 haec
1037 1134 1342 1193 hactenus.
1422 1132 1538 1192 Ille
1569 1131 1792 1201 videat,
1825 1130 2124 1209 quomodo
2159 1130 2278 1189 Im·-

367 1245 609 1313 perator
640 1252 773 1291 esse
806 1230 1027 1311 possit:
1072 1249 1258 1307 quum
1287 1248 1430 1287 eum
1459 1247 1537 1287 ne
1564 1228 1821 1287 liberum
1847 1225 2094 1303 quidem
2145 1244 2282 1287 esse

365 1327 517 1387 ratio
544 1340 606 1387 et
631 1328 849 1387 veritas
874 1326 1009 1405 ipsa
1034 1323 1362 1383 convincat.

980 1612 1019 1657 P
1034 1611 1082 1655 A
1096 1611 1204 1656 EA
1218 1611 1264 1657 D
1283 1611 1324 1657 O
1345 1611 1394 1656 X
1413 1610 1456 1657 Ο
1474 1611 1521 1655 N
1569 1610 1616 1655 V
1629 1609 1667 1653 1.

917 1702 1027 1751 Ὀτι
1046 1701 1193 1767 μόνος
1214 1700 1241 1749 ό
1263 1700 1408 1765 σοφὸς
1431 1700 1679 1757 πλούσιος.

920 1793 1087 1843 Solum
1106 1794 1370 1857 sapientem
1391 1808 1496 1841 me
1517 1792 1723 1843 aivum.

451 1893 501 1950 Ι.
545 1897 639 1951 42.
675 1890 833 1963 Quas
863 1903 953 1949 est
978 1891 1093 1949 ista
1114 1890 1171 1949 in
1202 1888 1722 1959 commemorande
1745 1888 2004 1967 pecunia
2028 1899 2134 1948 tua
2159 1900 2288 1947 tam

371 1987 630 2046 insolens
656 1985 967 2045 ostentatio
990 1986 1015 2045 2
1094 1984 1354 2044 Solusne
1381 1998 1446 2043 tu
1467 1984 1675 2043 dives?
1759 1983 1882 2042 Pro
1915 1982 1998 2041 dii
2035 1982 2284 2041 immor·

370 2083 519 2141 tales
540 2083 569 2141 Y
598 2102 809 2161 egone,
837 2101 936 2139 me
970 2080 1266 2141 audivisse
1302 2077 1525 2157 aliquid
1559 2091 1620 2138 et
1651 2078 1948 2146 didicisse,
1975 2098 2100 2137 non
2133 2099 2284 2157 gau·-

371 2176 548 2236 deam
568 2178 591 2237 ²
660 2176 918 2235 Solusne
942 2176 1153 2234 divesl
1222 2174 1410 2247 Quid,
1433 2174 1484 2232 si
1503 2194 1580 2235 ne
1601 2172 1769 2231 dives
1791 2172 2074 2251 quidem't
2111 2174 2286 2251 quid,

370 2272 421 2329 si
450 2291 681 2349 pauper
708 2271 928 2330 etiam'l
1012 2270 1219 2341 Quem
1246 2269 1407 2327 enim
1434 2267 1820 2347 intelligimus
1841 2267 2119 2326 divitem?
2157 2280 2284 2339 aut,

371 2366 486 2423 hoc
514 2364 763 2423 verbum
812 2366 875 2423 in
905 2383 1024 2441 quo
1050 2362 1288 2421 homine
1316 2362 1638 2440 ponimus‘l
1718 2361 1948 2442 Opinor
1973 2363 2035 2421 in
2065 2384 2162 2435 ee,
2185 2364 2286 2423 cui

371 2471 534 2517 tanta
566 2458 858 2536 possessio
892 2470 999 2526 est,
1026 2470 1095 2515 ut
1126 2455 1202 2515 ad
1230 2456 1555 2515 liberaliter
1582 2458 1898 2518 vivendum
1927 2458 2104 2517 facile
2139 2480 2282 2517 con-

371 2563 570 2610 tentus
616 2551 693 2609 sit
716 2573 731 2610 ε
790 2552 894 2628 qui
938 2550 1087 2607 nihil
1132 2565 1380 2628 quaerat,
1419 2552 1568 2611 nihil
1617 2566 1879 2633 appetat,
1919 2554 2066 2612 nihil
2111 2568 2284 2633 optet

374 2647 641 2725 amplius.
724 2650 821 2703 43.
862 2645 1115 2703 Animus
1164 2660 1403 2725 oportet
1444 2661 1582 2707 tuus
1629 2668 1696 2707 se
1730 2648 1967 2727 judicet
2007 2648 2280 2720 divitem,

371 2762 487 2801 non
521 2740 824 2799 hominum
866 2762 1081 2812 sermn,
1115 2762 1312 2819 neque
1343 2743 1748 2823 possessiones
1782 2756 1936 2803 tuae:
1981 2743 2129 2803 nihil
2162 2746 2283 2806 sibi

372 2838 581 2898 deesse
598 2848 784 2915 putet,
801 2837 948 2894 nihil
966 2850 1134 2896 curet
1156 2839 1427 2919 amplius.
1503 2838 1762 2898 Satiatus
1785 2853 1892 2909 est,
1915 2853 2018 2899 aut
2039 2853 2282 2900 conten·

371 2943 469 2989 tus
491 2931 667 2989 etiam
689 2932 975 3009 pecunia:
1020 2932 1301 3003 concede,
1321 2934 1488 2993 dives
1508 2954 1590 2992 es.
1668 2928 1780 2992 >Sin'
1804 2946 2003 2994 autem
2030 2948 2283 3014 propter

372 3025 715 3085 aviditatem
742 3026 1016 3105 pecuniae
1042 3030 1273 3088 nullum
1295 3042 1584 3106 quaestum
1611 3042 1848 3107 turpem
1877 3024 2070 3109 putas,
2093 3052 2280 3107 quum

371 3122 469 3180 isti
504 3120 696 3181 ordini
728 3143 805 3181 ne
839 3124 1121 3183 honestus
1154 3124 1403 3206 quidem
1430 3124 1615 3203 possit
1647 3144 1780 3184 esse
1815 3126 2009 3197 ullus3
2054 3125 2106 3184 si
2134 3146 2278 3204 quo-

370 3217 518 3276 tidie
546 3216 803 3290 fraudas,
834 3218 1079 3297 decipis,
1108 3219 1320 3298 poscis,
1348 3220 1685 3298 pacisceris,
1715 3220 1931 3290 aufers,
1961 3220 2183 3300 eripis3
2227 3222 2280 3280 si

371 3312 565 3373 socios
600 3314 836 3392 spolias,
866 3314 1140 3373 aerarium
1172 3314 1436 3391 expilas;
1479 3315 1528 3371 si
1561 3327 1916 3375 testamenta
1949 3317 2282 3377 amicorum

265 3462 271 3467 ,
371 3421 700 3485 exspectas,
730 3420 831 3467 aut
858 3428 935 3465 ne
965 3419 1280 3485 exspectas
1307 3407 1567 3485 quidem,
1597 3422 1774 3487 atque
1802 3411 1931 3489 ipse
1957 3414 2277 3492 supponis:

370 3502 500 3561 haec
534 3514 732 3560 utrum
766 3502 1144 3576 abundantis,⁴
1166 3521 1243 3559 an
1277 3504 1506 3582 egentis
1538 3505 1708 3585 signa
1739 3508 1921 3567 sunt'l
2004 3513 2098 3568 44.
2131 3510 2279 3568 Ani-

371 3615 506 3655 mus
544 3596 803 3654 hominis
836 3595 1025 3666 dives,
1058 3614 1175 3655 non
1216 3618 1356 3657 arcs
1396 3600 1684 3678 appellari
1723 3602 1889 3661 solet.
1988 3602 2292 3682 Quamvis⁵

370 3686 473 3747 illa
498 3688 577 3748 sit
600 3690 800 3767 plena,
828 3688 975 3749 dum
1001 3702 1061 3749 te
1090 3690 1332 3752 inanem
1357 3693 1593 3766 videb0,
1615 3694 1862 3757 div-item
1887 3716 2006 3757 non
2036 3700 2281 3779 putabO.
