2492 4392
715 252 746 279 Ο

357 332 362 337 ’
428 348 472 409 2
889 357 957 399 m.
991 357 1050 397 Τ.
1085 353 1415 397 mcasoms
1454 352 1619 395 oA‘ro
1656 350 1884 405 masos,

433 489 810 573 philosophia
851 488 1083 569 poterit,
1119 487 1217 545 cui
1258 484 1359 563 qui
1392 496 1617 563 pareat,
1654 502 1832 541 omne
1874 495 2114 561 tempus
2156 480 2352 541 astatis

433 591 562 649 sine
595 587 862 645 molestia
889 585 1073 664 possit
1093 582 1337 661 degere.
1420 586 1474 638 3.
1510 578 1633 639 Sed
1658 578 1733 636 de
1764 578 1975 637 ceteris
2004 591 2063 635 et
2085 576 2350 634 diximus

434 686 639 751 multa,
675 694 737 741 et
777 701 938 759 saepe
982 679 1283 737 dicemus:
1338 677 1497 734 hunc
1538 676 1756 733 librum
1798 674 1875 732 de
1918 686 2231 731 senectute
2277 672 2353 729 ad

433 794 494 837 te
539 777 828 835 misimus.
919 776 1190 859 Omneng
1209 759 1423 832 'autem
1473 788 1808 830 sermonem
1856 770 2194 857 tribuimus,
2230 788 2355 826 non

437 874 715 941 Tithono,
743 885 808 943 ut
841 872 1046 929 Aristo
1097 871 1248 929 Cius
1286 892 1303 939 3
1347 887 1559 947 parum
1596 866 1758 925 enim
1792 878 1953 929 esset
1987 864 2354 923 auctoritatis

435 970 498 1026 in
525 968 762 1039 fabula3
805 965 914 1025 sed
943 966 1028 1023 M.
1051 964 1270 1023 Catoni
1299 963 1445 1032 seni,
1474 958 1591 1039 quo
1620 963 1908 1041 majorem
1936 960 2355 1019 auctoritatem

435 1066 686 1123 haberet
727 1063 931 1121 oratio.
1007 1060 1197 1140 Apud
1226 1079 1409 1137 quem
1444 1058 1703 1117 Laelium
1740 1072 1801 1117 et
1834 1058 2179 1136 Scipionem
2215 1056 2355 1114 faci-

437 1180 567 1217 mus
591 1158 970 1227 admiranteS,
991 1156 1148 1233 quod
1171 1156 1220 1212 is
1241 1168 1363 1213 tam
1386 1152 1561 1213 facile
1584 1165 1953 1212 senectutem
1974 1153 2141 1221 ferat,
2162 1152 2356 1229 iisque

441 1276 580 1314 eum
608 1253 1089 1333 respondentem.
1171 1251 1299 1323 Qui
1322 1251 1371 1308 si
1393 1249 1682 1307 eruditius
1703 1248 2002 1307 videbitur
2024 1248 2354 1325 disputare,

442 1372 622 1429 quam
653 1350 956 1409 consuevit
984 1350 1112 1427 ipse
1140 1348 1202 1405 in
1229 1346 1351 1405 suis
1378 1346 1563 1415 libris,
1587 1344 1889 1403 attribuito
1910 1330 2143 1401 Graecis
2164 1344 2372 1413 literis,

441 1467 694 1524 quarum
743 1456 971 1503 constat
1019 1464 1156 1501 eum
1205 1442 1641 1521 perstudiosum
1686 1440 1873 1499 fuisse
1919 1438 1979 1497 in
2028 1452 2356 1499 senectute.

443 1542 563 1599 Sed
594 1541 737 1619 quid
766 1560 916 1619 opus
949 1552 1041 1597 est
1069 1538 1288 1617 plural
1320 1539 1449 1616 jam
1479 1536 1641 1595 enim
1668 1535 1851 1614 ipsius
1882 1535 2129 1593 Catonis
2156 1548 2358 1593 sermo

441 1636 766 1715 explicabit
793 1649 1052 1693 nostram
1081 1654 1323 1691 omnem
1352 1632 1429 1691 de
1456 1645 1762 1691 senectute
1790 1630 2169 1695 sententiam.

522 1828 604 1885 ΙΙ.
649 1833 704 1886 4.
741 1828 971 1887 Sulmo.
1015 1828 1444 1905 Saepenumero
1472 1824 1749 1883 admirari
1778 1825 1965 1893 sole0,
1990 1844 2126 1881 cum
2149 1824 2265 1881 hoc
2289 1824 2358 1881 C.

445 1923 654 1992 Laelio,
685 1936 811 1981 tum
841 1936 1174 1981 ceterarum
1203 1942 1409 1980 rerum
1436 1935 1599 1979 tuam
1628 1921 2042 1988 excellentem,
2074 1920 2160 1977 Μ.
2182 1920 2359 1988 Cat0,

443 2020 888 2096 perfectamque
917 2018 1289 2097 sapientiam,
1308 2030 1433 2075 tum
1454 2018 1553 2077 vel
1574 2017 1853 2087 maxime,
1873 2015 2030 2095 quod
2054 2036 2358 2091 nunquam

443 2106 812 2173 senectutem
867 2114 976 2173 tibi
1030 2135 1277 2193 gravem
1330 2134 1463 2172 esse
1517 2113 1823 2179 senserim,
1868 2132 2002 2191 quae
2050 2111 2357 2197 plerisque

443 2209 688 2267 senibus
729 2210 816 2267 sic
857 2210 1066 2269 odiosa
1104 2223 1209 2279 est,
1244 2222 1315 2267 ut
1355 2228 1505 2267 onus
1546 2229 1611 2267 se
1645 2209 1830 2267 AEtna
1878 2207 2117 2286 gravius
2159 2208 2360 2265 dicant

442 2319 754 2363 sustinere.

523 2398 720 2454 Ono.
760 2398 918 2453 Rem
949 2396 1109 2453 haud
1151 2416 1313 2464 sane,
1350 2395 1555 2473 Scipio
1596 2408 1655 2453 et
1692 2396 1869 2465 Laeli,
1904 2395 2207 2455 difficilem
2258 2396 2357 2457 ad-

337 2528 344 2535 ·
440 2490 648 2551 mirari
683 2490 983 2549 videmini.
1065 2480 1307 2561 Qu'ibus
1340 2490 1499 2547 enim
1533 2489 1679 2547 nihii
1714 2504 1807 2549 est
1839 2491 1899 2549 in
1936 2490 2079 2569 ipsis
2114 2493 2249 2573 opis
2283 2493 2360 2551 ad.

439 2587 600 2644 bene
635 2586 930 2662 beateque
961 2585 1303 2655 vivendum,
1316 2585 1410 2667 ‚iis
1443 2585 1635 2645 omnis
1650 2585 1815 2645 ‘aetas
1850 2586 2048 2665 gravis
2084 2600 2211 2650 est:
2256 2588 2363 2665 qui

441 2696 646 2743 autem
681 2682 880 2741 omnia
914 2683 1071 2741 bona
1104 2702 1140 2741 a
1179 2703 1244 2741 se
1280 2682 1425 2761 ipsis
1454 2696 1683 2761 petunt,
1717 2683 1790 2741 iis
1823 2683 1969 2741 nihil
2006 2697 2205 2763 potest
2238 2706 2357 2743 ma-

439 2779 568 2836 lum
600 2778 812 2847 videri,
841 2778 1004 2855 quod
1037 2792 1265 2839 naturae
1303 2778 1627 2840 necessitas
1670 2780 1891 2839 afferat.
1976 2780 2119 2852 Quo
2152 2780 2212 2840 in
2256 2802 2355 2859 ge-

437 2893 586 2933 nere
621 2873 795 2932 estin
825 2874 1030 2953 primis
1072 2888 1369 2944 senectus,
1398 2894 1578 2953 quam
1612 2888 1680 2933 ut
1714 2875 2115 2955 adipiscantur
2149 2896 2356 2935 omnes

441 2982 665 3047 optant,
696 2970 950 3028 eandem
987 2985 1270 3030 accusant
1305 2971 1625 3050 adeptam:
1668 2984 1833 3031 tanta
1858 2985 1947 3031 est
1980 2970 2237 3029 stultitias
2268 2972 2353 3031 in-

441 3066 769 3125 constantia
803 3080 982 3143 atque
1009 3067 1387 3145 perversitas.
1468 3068 1784 3145 Obrepere
1820 3066 1981 3125 aiunt
2016 3086 2150 3124 eam
2180 3066 2353 3125 citius

441 3180 618 3238 quam
652 3162 1034 3239 putavissent.
1117 3162 1410 3233 Primum,
1447 3162 1577 3239 quis
1618 3162 1819 3239 coegit
1860 3180 1963 3221 eos
1997 3161 2213 3219 falsum
2247 3183 2353 3241 pu-

435 3257 615 3320 tare?
681 3257 818 3334 quid
869 3257 1072 3315 enimi
1135 3257 1309 3315 citius
1356 3257 1771 3315 adolescentiae
1826 3269 2125 3327 senectus,
2174 3278 2349 3334 quarn

437 3352 713 3429 pueritiae
743 3351 1148 3411 adolescentia
1173 3352 1445 3429 obrepit‘l
1528 3350 1789 3417 Deinde,
1805 3352 1909 3428 qui
1932 3352 2124 3409 minus
2154 3354 2347 3431 gravis

439 3459 598 3505 esset
639 3445 714 3505 iis
761 3458 1064 3515 senectus,
1109 3447 1160 3504 si
1207 3445 1764 3524 octingentesimum
1814 3466 2035 3505 annum
2084 3463 2346 3525 agerent,

439 3560 617 3617 quam
643 3541 1109 3619 octogesimum?
1185 3540 1502 3617 Praeterita
1530 3542 1693 3600 enim
1733 3554 1893 3611 aetas,
1922 3543 2191 3621 quamvis
2225 3546 2345 3603 lon-

437 3654 536 3711 ga,
565 3655 703 3695 cum
738 3637 1079 3707 effluxisset,
1107 3640 1275 3712 nulla
1287 3616 2125 3719 ‘cdnsohtione‘pei'mulcere
2150 3652 2346 3717 posset

435 3729 676 3787 stultam
719 3744 1108 3791 senectutem.
1205 3739 1263 3792 5.
1306 3735 1612 3806 Quocirca
1623 3719 1705 3795 *si
1748 3734 2103 3813 sapientiam
2151 3754 2343 3795 meam
