2492 4392
524 331 670 372 snm
707 331 807 372 nn·
835 331 1457 376 annectere—car.
1482 331 1613 374 xvi.
1954 319 2029 378 21

135 459 500 533 ‚msticarum;
543 461 658 520 sed
687 457 768 520 ea
797 463 960 542 ipsa,
989 483 1122 540 quae
1145 463 1287 534 dixi,
1314 464 1497 523 fixisse
1528 465 1719 522 sentio
1744 465 2033 542 longiora.

153 553 439 632 Ignoscetis
473 570 714 628 autem3
761 579 916 616 nam
951 571 1013 616 et
1044 559 1238 616 studio
1276 579 1475 618 rerum
1512 560 1865 618 rusticarum
1896 581 2031 639 pro-

151 665 324 708 vectus
347 673 494 722 sum,
509 666 572 710 et
599 667 896 712 senectus
925 668 1018 712 est
1043 668 1251 712 natura
1270 656 1603 732 loquacior:
1642 674 1719 712 ne
1744 655 1821 714 ab
1840 657 2025 714 omni·-

149 746 244 804 bus
285 767 408 804 eam
452 748 608 806 vitiis
652 750 880 808 videar
919 749 1234 808 vindicare.
1314 749 1483 828 Ergo
1520 751 1581 809 in
1620 751 1729 808 hac
1764 752 1887 810 vita
1918 753 2025 810 M’.

147 841 354 912 Curius,
389 863 526 901 cum
569 844 652 902 de
701 846 1100 914 Samnitibus,
1135 845 1212 904 de
1250 845 1503 915 Sabinis,
1536 845 1613 904 de
1652 847 1881 922 Pyrrho
1926 848 2023 904 tri-

142 939 470 1014 umphasset,
514 942 862 998 consumsit
913 955 1246 1000 extremum
1298 954 1531 1020 tempus
1580 942 1798 1000 aetatisx
1854 943 2025 1021 cujus

142 1033 356 1106 quidem
389 1055 504 1112 ego
539 1035 760 1093 villam
795 1037 1200 1114 contemplans
1233 1037 1427 1113 (abest
1456 1037 1613 1094 enim
1640 1057 1759 1094 non
1782 1037 1961 1116 longe
1988 1058 2025 1096 a

140 1127 245 1202 me)
278 1128 552 1188 admirari
587 1133 746 1189 satis
783 1153 909 1190 non
935 1151 1178 1210 possum
1209 1133 1307 1190 vel
1340 1132 1591 1190 hominis
1620 1133 1807 1210 ipsius
1841 1134 2025 1192 conti-

139 1224 392 1294 nentiam,
433 1227 534 1284 vel
581 1241 944 1308 temporum
989 1227 1377 1306 disciplinam.
1472 1227 1671 1297 Curio,
1713 1227 1789 1285 ad
1828 1228 2023 1288 focum

140 1317 362 1389 sedenti,
389 1343 692 1400 magnum
735 1325 868 1382 auri
903 1323 1138 1401 pondus
1176 1323 1471 1382 Samnites
1510 1343 1645 1382 cum
1682 1323 2023 1397 attulissent,

139 1416 412 1490 repudiati
439 1419 515 1476 ab
547 1440 630 1477 eo
662 1433 820 1478 sunt.
903 1424 998 1476 56.
1033 1419 1092 1476 N
1095 1439 1170 1476 on
1197 1418 1357 1476 enim
1386 1438 1587 1476 aurum
1614 1419 1853 1488 babere,
1878 1441 2023 1498 prae-

138 1509 344 1568 clarum
388 1514 506 1572 sibi
548 1514 754 1573 videri
794 1515 984 1584 dixit3
1037 1515 1142 1572 sed
1187 1515 1295 1584 eis,
1328 1515 1431 1591 qui
1468 1515 1751 1573 haberent
1796 1535 2023 1586 aurum,

137 1604 432 1683 imperare.
507 1610 850 1668 Poteratne
867 1623 1060 1668 tantus
1077 1611 1303 1668 animus
1320 1629 1431 1667 non
1450 1609 1685 1668 efficere
1696 1611 2023 1688 jucundam

139 1706 538 1763 senectutem}
629 1705 753 1764 Sed
783 1705 956 1764 venio
983 1705 1056 1762 ad
1084 1706 1397 1784 agricolam
1440 1723 1518 1762 ne
1546 1725 1583 1762 a
1606 1705 1837 1784 meipso
1862 1726 2025 1764 rece·

141 1794 282 1856 dam.
347 1799 419 1857 In
444 1802 616 1878 agris
638 1815 808 1859 erant
826 1815 952 1859 tum
975 1813 1291 1868 senatores,
1307 1801 1369 1857 id
1388 1813 1481 1858 est
1496 1821 1700 1859 senest
1734 1801 2029 1876 siquidem

140 1895 312 1952 aranti
334 1897 408 1954 L.
428 1898 730 1969 Quinctio
758 1897 1106 1956 Cincinnato
1133 1897 1461 1954 nuntiatum
1488 1909 1595 1962 est,
1624 1915 1765 1954 eum
1790 1897 2031 1954 dictato-

41 2041 48 2062 ,
143 2007 255 2046 rem
281 2011 412 2048 esse
445 1993 713 2051 factum:
747 1993 918 2070 cujus
945 1992 1242 2050 dictatoris
1260 1992 1433 2068 jussu
1460 1991 1743 2067 magister
1766 1991 2033 2068 equitum

143 2083 205 2140 C.
223 2085 522 2147 Servilius
547 2090 744 2146 Ahala
765 2089 868 2165 Sp.
889 2088 1148 2145 Maelium
1175 2105 1429 2163 regnum
1458 2098 1843 2164 appetentem
1864 2107 2033 2146 occu·

143 2193 334 2255 patum
378 2184 707 2243 interemit.
785 2185 842 2240 A
884 2183 1024 2240 villa
1059 2183 1118 2238 in
1161 2195 1435 2240 senatum
1482 2183 1931 2242 arcessebantur
1973 2197 2035 2244 et

143 2273 370 2346 Curius,
399 2293 464 2337 et
495 2279 686 2338 ceteri
713 2296 914 2348 senes;
957 2297 1036 2336 ex
1061 2299 1194 2354 quo,
1221 2277 1323 2354 qui
1352 2295 1457 2334 eos
1488 2279 1877 2348 arcessebant,
1906 2283 2029 2339 via-

143 2379 278 2428 tores
305 2376 603 2433 nominati
629 2387 780 2432 sunt.
859 2373 1022 2430 Num
1049 2373 1228 2449 igitur
1253 2374 1465 2430 borum
1491 2387 1765 2432 senectus
1792 2376 2029 2438 misera·

145 2464 276 2524 bilis
302 2467 430 2539 fuit,
463 2470 570 2548 qui
595 2491 658 2527 se
687 2468 810 2546 agri
837 2468 1092 2526 cultione
1119 2469 1535 2528 oblectabant?
1616 2469 1757 2528 Mea
1784 2472 2027 2549 quidem

147 2565 434 2624 sententia
474 2564 636 2623 haud
655 2564 814 2642 νεετίο,
835 2582 912 2620 an
935 2565 1098 2622 nulla
1117 2563 1347 2622 beatior
1383 2565 1571 2642 possit
1612 2586 1743 2626 esse
1762 2591 1779 2626 :
1830 2589 2027 2648 neque

151 2658 334 2716 solum
391 2661 607 2730 officio,
656 2658 812 2736 quod
855 2658 1158 2716 hominum
1211 2661 1419 2736 generi
1472 2662 1749 2720 universo
1800 2666 2031 2726 cultura

151 2770 430 2828 agrorum
465 2753 889 2821 estsalutaris3
932 2753 1039 2810 sed
1067 2765 1128 2810 et
1151 2753 1557 2825 delectatione,
1586 2777 1765 2834 quam
1796 2759 1941 2829 dixi,
1970 2775 2031 2820 et

151 2851 454 2908 saturitate
482 2851 768 2928 copiaque
801 2867 1000 2906 rerum
1029 2849 1309 2917 omnium,
1336 2871 1467 2926 quae
1502 2852 1575 2908 ad
1605 2853 1823 2910 victum
1848 2855 2031 2914 bomi-

149 2963 303 3014 num,
339 2946 422 3004 ad
467 2947 690 3004 cultum
736 2943 914 3000 etiam
958 2943 1201 3002 deorum
1247 2946 1545 3022 pertinent
1562 2971 1577 3018 3
1638 2961 1719 3016 ut,
1754 2951 2033 3025 quoniam

151 3039 556 3119 haemquidam
597 3039 948 3106 desiderant,
985 3040 1044 3096 in
1093 3040 1341 3116 gratiam
1379 3042 1509 3119 jam
1548 3063 1685 3100 cum
1728 3044 2033 3124 voluptate

149 3136 480 3195 redeamus.
563 3135 816 3211 Semper
843 3135 1002 3192 enim
1033 3135 1170 3192 boni
1197 3136 1533 3212 assiduique
1560 3138 1783 3194 domini
1818 3141 2035 3200 referta

153 3234 298 3290 cella
335 3232 576 3300 vinaria,
609 3230 852 3301 olearia,
877 3230 1054 3287 etiam
1088 3231 1333 3308 penaria
1370 3244 1477 3299 est,
1506 3233 1759 3308 villaque
1799 3248 1921 3291 tota
1954 3236 2035 3291 lo-

48 3394 50 3397 ·
152 3329 352 3406 cuples
399 3341 514 3385 est:
565 3323 839 3384 ¹abundat:
885 3316 1082 3402 porco,
1123 3325 1313 3394 haedo,
1358 3347 1531 3404 agn0,
1575 3329 1815 3404 gallina,
1862 3330 2037 3398 lacte,

155 3443 338 3493 casen,
369 3423 570 3480 melle.
651 3421 692 3477 J
697 3441 792 3478 am
819 3421 1050 3480 hortum
1084 3421 1194 3499 ipsi
1229 3422 1501 3498 agricolae
1536 3421 1859 3479 succidiam
1892 3424 2037 3480 alte-

153 3538 272 3578 ram
307 3519 632 3600 appellant.
713 3516 1054 3574 Conditiora
1079 3517 1220 3574 facit
1245 3518 1378 3574 haec
1408 3515 1829 3592 supervacanei
1862 3515 2043 3576 etiam

156 3617 346 3694 operis
381 3611 713 3690 aucupium
746 3625 918 3688 atque
951 3612 1208 3669 venatio,
1290 3615 1383 3666 57.
1417 3607 1589 3680 Quid
1620 3607 1701 3663 de
1742 3623 2045 3686 pratorum

155 3712 460 3780 viriditate,
499 3719 606 3766 aut
644 3705 916 3765 arborum
953 3705 1279 3772 ordinibus,
1314 3715 1415 3763 aut
1448 3701 1777 3774 vinearum,
1804 3705 2045 3766 oliveto-
