2492 4392
704 408 847 451 siva
883 408 963 451 na
1000 398 1548 451 Amorum—cn.-
1571 410 1677 451 xx.
2063 392 2144 451 59

279 538 429 599 XX.
476 544 586 597 71.
626 538 726 597 Ut
756 540 941 618 igitur
973 539 1034 609 ii,
1063 540 1167 617 qui
1201 553 1338 598 sunt
1369 539 1431 598 in
1473 539 1748 598 amicitiae
1782 539 2142 618 conjunctio-

201 635 417 712 nisque
458 634 924 694 necessitudine
966 635 1325 713 superiores,
1355 654 1670 712 exaequare
1715 654 1778 693 se
1819 656 1954 694 cum
1997 634 2142 694 infe·

201 729 469 789 rioribus
510 730 784 789 debent:
829 730 914 789 sic
950 730 1262 789 inferiores
1301 750 1417 788 non
1451 730 1679 800 dolere,
1708 750 1774 789 se
1809 750 1846 787 a
1879 731 2002 789 suis
2043 746 2146 791 aut

204 824 477 904 ingenio,
530 838 647 884 aut
693 826 943 894 fortuna,
988 837 1090 882 aut
1139 824 1427 902 dignitate
1481 826 1767 903 superari.
1863 826 2142 898 Quorum

202 921 495 999 plerique
534 934 649 980 aut
680 933 1010 999 queruntur
1042 940 1282 996 semper
1315 919 1555 996 aliquid,
1586 932 1686 977 aut
1719 921 1897 978 etiam
1925 942 2141 1001 expro-

202 1016 417 1075 brant:
468 1038 688 1095 eoque
728 1016 935 1094 magis,
966 1016 1016 1075 si
1049 1015 1272 1073 habere
1309 1034 1374 1073 se
1406 1028 1632 1094 putant,
1667 1016 1824 1092 quod
1865 1017 2141 1088 officiose,

206 1123 267 1168 et
302 1112 529 1182 amice,
562 1125 633 1171 et
662 1132 800 1170 cum
828 1112 1034 1169 labore
1064 1110 1262 1188 aliquo
1292 1131 1399 1169 suo
1427 1097 1649 1169 factum
1676 1125 1894 1188 queant
1923 1113 2142 1173 dicere.

206 1206 513 1266 Odiosum
535 1228 688 1267 sane
711 1227 903 1286 genus
920 1196 1223 1264 hominum
1241 1206 1438 1265 officia
1455 1208 1973 1285 exprobrantium:
2010 1230 2144 1286 quae

208 1302 570 1362 meminisse
604 1304 789 1361 debet
815 1303 884 1372 is,
914 1301 973 1360 in
1004 1322 1185 1379 quem
1214 1302 1430 1361 collata
1458 1314 1611 1370 sunt,
1640 1322 1758 1361 non
1787 1324 2144 1363 commemo-

208 1416 363 1466 rare,
396 1392 507 1475 qui
551 1394 822 1457 contulit.
906 1402 1000 1456 72.
1035 1397 1448 1469 Quamobrem
1482 1410 1547 1456 ut
1581 1398 1642 1467 ii,
1672 1399 1774 1476 qui
1805 1400 2142 1477 superiores

212 1505 367 1560 sunt,
392 1494 789 1551 summittere
817 1511 882 1550 se
904 1492 1123 1551 debent
1143 1493 1203 1551 in
1232 1494 1527 1563 amicitia3
1571 1494 1656 1551 sic
1678 1494 1933 1570 quodam
1966 1496 2144 1554 modo

214 1584 541 1647 inferiores
596 1589 908 1647 extollere.
1010 1588 1159 1650 Sunt
1205 1589 1364 1647 enim
1413 1589 1674 1668 quidam,
1719 1591 1820 1666 qui
1868 1592 2143 1651 molestas

216 1683 519 1743 amicitias
549 1684 798 1754 faciunt,
822 1704 959 1742 cum
987 1683 1103 1762 ipsi
1128 1704 1193 1742 se
1220 1684 1522 1742 contemni
1551 1697 1796 1763 putant:
1840 1685 1996 1762 quod
2025 1706 2145 1743 non

217 1777 345 1835 fere
390 1780 713 1858 contingit,
748 1780 861 1838 nisi
894 1779 985 1848 iis,
1014 1779 1118 1856 qui
1160 1780 1342 1839 etiam
1383 1780 1848 1838 contemnendos
1887 1801 1953 1838 se
1996 1781 2145 1837 arbi-

216 1884 493 1945 trantur3
542 1876 651 1954 qui
684 1875 797 1933 hac
842 1874 1121 1954 opinione
1164 1894 1287 1932 non
1331 1873 1510 1932 modo
1553 1874 1770 1942 verbis,
1814 1873 1922 1931 sed
1968 1874 2146 1931 etiam

220 1990 414 2049 opere
448 1973 697 2033 levandi
732 1984 881 2031 sunt.
885 1952 1058 2047 ss73.
1104 1971 1363 2028 Tantum
1399 1982 1599 2027 autem
1643 1968 1856 2045 cuique
1890 1968 2146 2026 tribuen-

223 2065 390 2138 dum,
409 2070 696 2147 primurn,
715 2080 995 2146 quantum
1021 2067 1152 2145 ipse
1180 2064 1418 2122 efficere
1442 2050 1657 2141 possis3
1697 2061 1913 2119 deinde
1945 2063 2146 2132 etiarn,

226 2178 527 2239 quantum
552 2165 675 2233 ille,
698 2184 878 2241 quem
905 2162 1118 2239 diligas
1146 2172 1324 2237 atque
1355 2158 1616 2237 adjuves,
1639 2156 1944 2216 sustinere.
2008 2156 2149 2216 Non

227 2259 390 2318 enim
442 2275 511 2320 tu
564 2260 771 2340 possis,
808 2258 1075 2338 quamvis
1120 2258 1262 2315 licet
1309 2256 1590 2325 excellas,
1635 2274 1843 2313 omnes
1889 2266 2022 2312 tuos
2071 2254 2149 2313 ad

230 2352 491 2415 honores
543 2355 931 2434 amplissimos
972 2352 1342 2433 perducere:
1400 2362 1465 2409 ut
1506 2349 1710 2429 Scipio
1743 2349 1815 2409 P.
1840 2349 2159 2429 Rupilium,

232 2452 433 2527 potuit
464 2453 773 2511 consulem
802 2451 1071 2520 efficere3
1107 2449 1352 2507 fratrem
1375 2448 1506 2526 ejus
1527 2446 1785 2505 Lucium
1807 2466 1921 2504 non
1944 2445 2148 2524 potuit.

237 2544 424 2617 Quod
446 2549 499 2607 si
520 2548 702 2606 etiam
723 2546 913 2627 possis
932 2545 1166 2623 quidvis
1182 2544 1421 2604 deferre
1445 2543 1518 2601 ad
1537 2544 1807 2614 alterum,
1824 2543 2150 2601 videndum

237 2655 325 2700 est
345 2657 571 2714 tamen,
592 2644 735 2722 quid
753 2643 854 2701 ille'
872 2642 1061 2735 possit
1080 2641 1387 2701 sustinere.
1455 2644 1548 2697 74.
1577 2640 1832 2698 Omnino
1855 2638 2151 2706 amicitias,

240 2733 697 2799 corroboratis
666 2760 818 2818 Jam,
855 2738 1332 2847 confirmatisque
1374 2749 1436 2796 et
1466 2735 1737 2815 ingeniis,
1767 2748 1828 2793 et
1862 2734 2151 2799 aetatibus,

244 2831 591 2909 judicandae
634 2848 801 2893 sunt:
866 2855 997 2903 nec,
1032 2833 1082 2891 si
1116 2833 1217 2911 qui
1250 2833 1491 2891 ineunte
1531 2844 1706 2887 aetate
1747 2827 2016 2896 venandi,
2055 2839 2156 2885 aut

244 2928 383 3005 pilas
414 2930 664 2991 studiosi
686 2930 922 2999 fuerint,
946 2949 1048 2987 eos
1068 2929 1290 2983 habere
1319 2923 1701 2991 necessarios,
1725 2943 1873 3000 quos
1901 2937 2028 2982 tum
2057 2940 2153 2980 eo-

248 3022 386 3085 dem
415 3027 614 3086 studio
634 3024 919 3105 praeditos
940 3020 1294 3079 dilexerunt.
1367 3019 1490 3077 Isto
1513 3018 1670 3077 enim
1693 3017 1872 3076 modo
1892 3018 2155 3077 nutrices

253 3133 312 3177 et
339 3122 654 3200 paedagogi
676 3121 817 3198 jure
834 3116 1136 3176 vetustatis
1158 3115 1478 3194 plurimum
1497 3113 1932 3173 benevolentiae
1958 3126 2158 3191 postu·

250 3214 491 3276 labunt.
535 3216 636 3293 qui
664 3212 1011 3291 negligendi
1032 3210 1275 3288 quidem
1302 3229 1421 3268 non
1447 3222 1600 3279 sunt,
1629 3198 1735 3267 sed
1767 3209 1880 3267 alio
1902 3206 2160 3283 quodam

255 3312 449 3371 modo.
529 3310 723 3368 Aliter
758 3307 1030 3366 amicitiae
1073 3306 1317 3365 stabiles
1350 3296 1703 3383 permanere
1743 3322 1862 3360 non
1895 3310 2160 3378 possunt.

257 3404 545 3487 Dispares
577 3406 735 3464 enim
771 3423 969 3461 mores
1001 3401 1260 3479 disparia
1299 3399 1494 3458 studia
1533 3408 1878 3473 sequuntur,
1909 3412 2162 3469 quorum

261 3500 676 3563 dissimilitudo
716 3499 993 3558 dissociat
1040 3496 1366 3555 amicitias:
1425 3514 1538 3551 nec
1582 3491 1660 3547 ob
1705 3488 1882 3545 aliam
1925 3504 2166 3543 causam

261 3601 439 3659 ullam
454 3597 597 3657 boni
614 3596 922 3674 improbis,
940 3591 1199 3672 improbi
1214 3590 1385 3648 bonis
1407 3586 1584 3646 amici
1607 3602 1740 3642 esse
1761 3602 1875 3639 non
1898 3593 2166 3660 possunt,

263 3697 371 3757 nisi
398 3694 564 3775 quod
592 3706 751 3752 tanta
784 3706 873 3751 est
899 3692 1057 3749 inter
1090 3706 1213 3753 eos,
1241 3697 1464 3762 quanta
1494 3677 1756 3739 maxima
1783 3689 1980 3756 potest
2014 3695 2167 3744 esse,

264 3812 495 3856 morum
524 3788 970 3865 studiorumque
996 3779 1290 3842 distantia.
1373 3783 1467 3837 75.
1505 3776 1695 3836 Recte
1717 3772 1898 3833 etiam
1922 3769 2170 3854 praecipi
