2492 4392
718 410 725 415 '
799 418 1197 475 rsaAnoxos,
1230 402 1496 466 1.-eAr'.
1525 423 1587 477 1.‚
1609 423 1674 467 11.
1841 416 1854 426 ·
2104 392 2186 469 75'

257 542 545 617 habeant,
580 560 649 609 et
684 549 881 609 obsint
912 552 1129 629 probis.
1162 572 1183 583 ⁶
1211 558 1266 611 8.
1304 536 1715 626 Quamobrem
1743 554 1889 612 licet
1921 544 2184 625 irrideat}

258 640 307 696 si
337 642 445 718 qui
474 645 654 703 vult:
691 646 827 723 plus
858 645 1013 723 apud
1042 666 1145 729 me
1167 649 1370 705 tamen
1395 668 1539 706 vera
1563 649 1718 707 ratio
1748 632 1983 718 valebit,
2006 670 2185 727 quam

254 736 422 813 vulgi
454 738 709 815 opinio:
753 760 947 817 neque
982 761 1096 818 ego
1128 762 1393 819 unquam
1418 743 1576 801 bona
1607 742 1940 822 perdidisse
1974 744 2184 815 dicam,

256 829 307 885 si
336 830 442 907 qui
474 851 677 911 pecus
714 848 813 915 aut
850 836 1278 913 supellectilem
1313 837 1604 895 amiserit:
1647 858 1841 915 neque
1867 858 1986 896 non
2022 860 2184 917 saepe

254 924 527 1006 laudabo
565 929 908 1006 sapientem
942 930 1131 1000 illum,
1162 930 1454 1001 Biantem',
1484 944 1551 990 ut
1583 933 1811 1011 opinor,
1841 934 1946 1011 qui
1979 952 2184 991 nume·

252 1032 427 1077 ratur
460 1021 529 1080 in
574 1037 843 1103 septem:
900 1026 1069 1103 cujus
1112 1046 1292 1102 quum
1330 1016 1583 1105 patriam
1619 1026 1882 1086 Prienen
1922 1028 2183 1107 cepisset

252 1112 465 1183 hostis,
492 1118 807 1197 ceterique
827 1119 913 1176 ita
931 1119 1223 1197 fugerent,
1240 1134 1307 1179 ut
1329 1112 1514 1179 multa
1533 1122 1610 1180 de
1633 1110 1751 1181 suis
1773 1124 1953 1181 rebus
1974 1142 2180 1182 secum

254 1222 692 1286 asportarent-z
749 1234 932 1291 quum
974 1228 1132 1275 esset
1178 1214 1510 1275 admonitus
1545 1236 1579 1275 a
1612 1218 1888 1295 quodam,
1923 1232 1990 1276 ut
2020 1210 2180 1277 idem

251 1300 390 1379 ipse
420 1305 698 1367 faceret:
741 1309 881 1384 Ego
914 1329 1065 1380 vem,
1092 1310 1299 1387 inquit,
1312 1311 1487 1388 facio
1507 1334 1528 1369 .·
1571 1333 1708 1371 nam
1741 1314 1934 1371 omm‘a
1967 1330 2180 1373 mecum
2280 1324 2286 1333 “

250 1410 435 1471 porto
472 1420 632 1460 mea.
716 1407 769 1461 9.
814 1403 925 1461 Ille
959 1404 1085 1463 haec
1118 1402 1380 1465 ludibria
1411 1406 1656 1465 fortunoe
1691 1428 1766 1465 ne
1799 1428 1904 1466 sua
1935 1408 2178 1485 quidem

252 1496 521 1569 putavit,
545 1516 679 1575 quae
698 1518 807 1557 nos
830 1488 1201 1578 appellamus
1220 1500 1401 1559 etiam
1421 1502 1594 1559 bona.
1675 1502 1844 1574 Quid
1865 1514 1956 1561 est
1977 1503 2176 1581 igitur,

256 1576 501 1664 quaeret
550 1592 781 1669 aliquis,
809 1594 1074 1653 bonum?
1155 1595 1221 1653 Si
1257 1596 1400 1673 quid
1441 1610 1604 1655 recte
1639 1597 1702 1655 fit
1735 1611 1798 1656 et
1829 1599 2076 1657 honeste
2115 1612 2178 1657 et

256 1700 397 1742 curn
437 1687 678 1758 virtute,
712 1687 775 1745 id
808 1688 965 1747 bene
1000 1689 1141 1759 fieri,
1169 1710 1309 1748 vere
1352 1691 1595 1763 dicitur3
1641 1704 1716 1762 et,
1745 1692 1904 1769 quod
1943 1707 2177 1751 rectum

257 1790 323 1835 et
349 1779 679 1839 honestum
708 1795 771 1839 et
799 1802 933 1841 cum
954 1784 1164 1843 virtute
1194 1798 1304 1855 est,
1326 1786 1384 1843 id
1417 1789 1609 1845 solum
1639 1788 1852 1865 opinor
1877 1786 2098 1845 bonum.

343 1968 435 2028 ΙΙ.
476 1976 573 2029 10.
609 1971 727 2029 Sed
750 1973 881 2031 haec
902 1973 1090 2037 videri
1111 1987 1360 2052 possunt
1381 1970 1740 2043 obscuriora,
1759 1992 1936 2051 quum
1957 1974 2176 2033 lentius

258 2061 683 2143 disputantur:
723 2068 837 2126 vita
871 2058 1242 2145 atque'factis
1269 2068 1618 2142 illustranda
1645 2080 1778 2125 sunt
1809 2087 2174 2126 summorum

258 2158 538 2219 virorum
570 2163 715 2233 haec,
746 2184 878 2240 quae
910 2163 1107 2221 verbis
1138 2162 1428 2231 subtilius,
1458 2182 1632 2240 quam
1669 2162 1810 2221 satis
1845 2176 1950 2232 est,
1981 2163 2175 2242 dispu-

258 2258 379 2315 tari
415 2258 707 2318 videntur.
790 2260 1018 2332 Quaero
1060 2258 1219 2318 enim
1263 2279 1298 2317 a
1329 2259 1510 2328 vobis,
1547 2278 1690 2316 num
1729 2260 1913 2316 ullam
1957 2258 2176 2337 cogita·

263 2351 497 2414 tionem
528 2354 803 2413 habuisse
836 2354 1150 2413 videantur
1183 2354 1242 2424 ii,
1275 2354 1377 2432 qui
1404 2354 1556 2412 hanc
1589 2354 2019 2432 rempublicam
2054 2366 2174 2413 tam

262 2450 564 2525 praeclare
595 2449 902 2508 fundatam
936 2451 1103 2508 nobis
1136 2450 1524 2527 reliquerunt,
1561 2462 1660 2507 aut
1692 2449 1820 2508 auri
1855 2462 1915 2508 et
1949 2448 2174 2529 argenti

268 2544 347 2602 ad
371 2545 697 2615 avaritiam,
718 2558 817 2604 aut
838 2546 1243 2605 amoenitatum
1267 2546 1343 2603 ad
1365 2530 1836 2615 delectationem,
1855 2543 1956 2603 aut
1975 2546 2172 2624 supel-

268 2639 489 2699 lectilis
518 2640 592 2699 ad
620 2640 883 2711 delicias,
908 2653 1007 2698 aut
1030 2636 1342 2719 epularum
1373 2640 1447 2698 ad
1475 2642 1846 2720 voluptatesl
1931 2646 2022 2699 11.
2056 2640 2172 2699 Po-

270 2736 399 2794 nite
422 2750 558 2795 ante
576 2738 779 2795 oculos
802 2756 1290 2814 unumquemque
1311 2756 1537 2814 regum.
1599 2737 1802 2795 Vultis
1825 2756 1860 2794 a
1877 2736 2173 2794 Romulo‘l

270 2833 451 2891 vultis
478 2810 609 2911 post
634 2832 884 2891 liberam
914 2832 1230 2902 civitatem,
1258 2833 1332 2890 ab
1359 2832 1429 2890 iis
1458 2833 1618 2911 ipsis,
1641 2833 1744 2910 qui
1771 2833 2177 2891 liberaverunt

274 2948 409 2986 eam
434 2929 457 2987 ‘l
558 2928 799 3000 Quibus
846 2927 1085 2986 tandem
1136 2928 1420 3006 gradibus
1463 2929 1758 2987 Romulus
1805 2927 2072 2987 escendit
2112 2926 2175 2983 in

275 3024 534 3083 coelum'l
584 3023 749 3092 iisne,
779 3040 913 3099 quae
945 3022 1043 3080 isti
1069 3022 1225 3081 bona
1267 3024 1614 3103 appellant‘l
1661 3044 1734 3081 an
1775 3024 1954 3081 rebus
1995 3020 2174 3100 gestis

277 3132 451 3198 atque
484 3118 837 3176 virtutibusl
937 3117 1148 3189 Quid‘t
1198 3137 1233 3175 a
1268 3118 1473 3176 Numa
1507 3118 1854 3197 Pompilio‘t
1902 3119 2175 3175 minusne

192 3278 203 3285 ,
275 3228 471 3293 gratas
500 3211 609 3271 diis
644 3213 1067 3271 immortalibus
1103 3210 1422 3291 capedines
1457 3234 1525 3272 ac
1558 3213 1767 3273 fictiles
1793 3213 2056 3270 hirnulas
2083 3210 2173 3266 fu-

274 3312 409 3379 isse,
437 3330 614 3387 quam
644 3309 886 3367 filicatas
921 3307 1173 3365 aliorum
1199 3321 1438 3387 pateras
1473 3306 1870 3365 arbitramur?
1950 3306 2175 3363 Omitto

272 3405 577 3483 reliquos:
639 3415 776 3461 sunt
822 3402 979 3461 enim
1022 3422 1229 3461 omnes
1273 3423 1448 3482 pares
1490 3402 1647 3457 inter
1687 3420 1770 3467 se,
1805 3410 2024 3475 praeter
2064 3398 2176 3455 Su-

272 3501 546 3581 perbum.
627 3502 719 3556 12.
761 3498 1013 3555 Brutum
1054 3496 1105 3553 si
1138 3496 1242 3572 qui
1275 3493 1465 3572 roge't,
1495 3492 1635 3567 quid
1669 3490 1860 3569 egerit
1891 3490 1952 3546 in
1987 3492 2179 3567 patria

271 3592 616 3668 liberanda3
666 3593 717 3650 si
750 3593 881 3669 quis
914 3592 1058 3649 item
1096 3588 1358 3664 reliquos
1393 3584 1666 3662 ejusdem
1707 3582 1934 3641 consilii
1965 3585 2173 3656 socios,

274 3690 419 3770 quid
447 3687 860 3769 spectaverint,
887 3681 1028 3763 quid
1052 3680 1241 3739 secuti
1267 3681 1418 3738 sint:
1459 3696 1600 3733 num
1629 3678 1761 3755 quis
1787 3677 2051 3747 exsistet,
2075 3680 2176 3739 cui

273 3789 566 3869 voluptas,
589 3782 688 3844 cui
716 3780 957 3847 divitiae,
982 3775 1078 3833 cui
1100 3774 1378 3852 denique,
1400 3782 1616 3851 praeter
1641 3771 1898 3831 officium
1925 3772 2090 3833 fortis
2117 3786 2180 3835 et
