2492 4392
513 343 662 386 slva
701 347 790 388 ns
831 347 1449 390 &sacrorn—car.
1484 349 1773 400 v11.,v111.
2075 335 2115 392 9

209 486 434 553 propter
458 476 754 546 studium,
773 498 918 536 cum
937 499 1066 536 rem
1086 479 1395 556 negligere
1416 479 1769 538 familiarem
1792 477 2117 550 videretur,

209 590 240 626 a
262 571 386 628 filiis
410 573 470 628 in
495 573 812 650 judicium
851 587 1092 654 vocatus
1127 587 1234 644 est,
1265 589 1344 641 ut,
1374 575 1879 652 quemadmodum
1914 589 2117 634 nostro

205 686 350 724 more
377 670 530 726 male
565 690 702 726 rem
741 669 1089 747 gerentibus
1118 671 1385 748 patribus
1414 672 1581 728 bonis
1610 671 1887 728 interdici
1917 673 2111 742 solet3

203 761 276 818 sic
314 763 497 832 illum,
534 767 718 842 quasi
767 765 1185 843 desipientem,
1221 787 1258 824 a
1301 787 1369 824 re
1410 766 1689 824 familiari
1734 781 2114 829 removerent

201 857 438 934 judiceS.
523 861 690 919 Tum
723 882 912 920 senex
933 861 1152 920 dicitur
1175 883 1317 920 eam
1330 862 1615 932 fabulam,
1636 883 1813 940 quam
1836 863 1897 921 in
1930 863 2111 922 mani-

199 953 298 1010 bus
335 955 616 1024 babebat,
655 971 720 1014 et
761 957 1035 1035 proxime
1083 958 1417 1036 scripserat,
1458 959 1749 1034 OEdipum
1788 959 2119 1030 Coloneum,

198 1049 462 1108 recitasse
500 1053 845 1130 judicibus,
883 1054 1306 1130 quaesisseque,
1340 1075 1481 1112 num
1530 1054 1681 1113 illud
1723 1075 1961 1113 carmen
2011 1056 2112 1114 de-

198 1145 448 1222 sipientis
483 1148 824 1207 videretur.
904 1149 1048 1221 Quo
1088 1151 1353 1218 recitatO,
1382 1150 1690 1208 sententiis
1714 1150 1989 1229 judicum
2023 1165 2114 1210 est

199 1239 488 1301 liberatae.
593 1251 696 1304 23.
739 1245 908 1304 Num
941 1245 1127 1328 igitur
1167 1246 1343 1313 hunc,
1386 1267 1527 1304 num
1571 1247 1929 1315 Homerum,
1968 1267 2112 1306 num

201 1335 548 1409 Hesiodum,
573 1361 721 1400 num
747 1340 1137 1410 Simonidem,
1159 1361 1300 1398 num
1328 1341 1757 1410 Stesichorum,
1780 1363 1943 1410 num,
1962 1363 2113 1420 quos

199 1446 324 1490 ante
357 1435 505 1504 dixi,
537 1437 900 1507 Isocratem,
929 1437 1238 1514 Gorgiam,
1270 1457 1411 1495 num
1442 1436 1927 1515 philosophorum
1954 1437 2113 1516 priu-

201 1529 372 1608 cipes,
421 1530 860 1612 Pythagoram,
905 1533 1337 1601 Democritum,
1387 1553 1529 1590 num
1582 1533 1919 1602 Platonem,
1968 1553 2113 1592 num

200 1622 620 1698 Xenocratem,
649 1650 795 1686 num
823 1641 1032 1706 postea
1059 1629 1389 1696 Zenonem,
1420 1629 1793 1697 Cleanthem,
1824 1642 1925 1688 aut
1953 1650 2111 1700 eum,

203 1740 370 1795 quem
398 1745 505 1782 vos
535 1725 720 1784 etiam
742 1726 954 1784 Romae
975 1724 1222 1792 vidistis,
1250 1724 1585 1802 Diogenem
1608 1724 1897 1794 Stoicum,
1921 1725 2115 1803 coegit

203 1815 259 1872 in
291 1819 409 1876 suis
443 1822 661 1880 studiis
698 1807 1112 1880 obmutescere
1145 1820 1468 1878 senectus?
1512 1841 1585 1878 an
1620 1821 1681 1878 in
1718 1821 1994 1878 omnibus
2024 1821 2115 1880 his

207 1915 529 1975 studiorum
571 1917 828 1996 agitatio
867 1917 1002 1975 vitae
1044 1917 1293 1994 aequalis
1334 1916 1489 1974 fuit?
1580 1921 1677 1974 24.
1719 1913 1877 1994 Age,
1906 1928 1975 1972 ut
2004 1915 2119 1974 ista

206 2007 396 2069 divina
421 2013 620 2072 studia
647 2013 1005 2080 omittamus,
1026 2033 1267 2092 possum
1293 2013 1605 2070 nominare
1627 2031 1704 2068 ex
1728 2030 1871 2089 agro
1892 2011 2119 2069 Sabino

210 2107 449 2166 rusticos
485 2111 816 2178 Romanos,
842 2109 1067 2167 vicinos
1101 2123 1162 2168 et
1193 2109 1521 2168 familiares
1554 2127 1743 2174 meos,
1772 2105 1985 2183 quibus
2020 2107 2119 2164 ab-

209 2204 487 2276 sentibus,
521 2227 829 2284 nunquam
863 2207 990 2264 fere
1031 2207 1152 2264 ulla
1187 2207 1246 2263 in
1292 2224 1435 2282 agro
1470 2203 1713 2282 majora¹
1738 2221 1923 2280 opera
1955 2202 2119 2270 fiunt,

215 2318 328 2356 non
367 2303 656 2374 serendis,
691 2323 808 2360 non
846 2302 1269 2382 percipiendis,
1302 2321 1417 2359 non
1456 2297 1783 2358 condendis
1816 2299 2120 2359 fructibus.

215 2393 585 2475 Quamquam
627 2399 689 2457 in
740 2399 870 2456 aliis
913 2399 1106 2456 minus
1145 2399 1261 2456 hoc
1304 2395 1557 2468 mirum3
1608 2415 1785 2454 nemo
1828 2393 1987 2476 euim
2030 2407 2123 2453 est

217 2501 328 2548 tam
373 2515 576 2564 senex,
606 2493 711 2572 qui
751 2515 816 2552 se
861 2514 1080 2552 annum
1124 2514 1242 2552 non
1288 2505 1460 2572 putet
1502 2513 1679 2571 posse
1720 2493 1955 2566 vivere:
2011 2490 2121 2550 sed

217 2583 394 2645 iidem
439 2590 493 2647 in
545 2590 632 2648 eis
682 2591 1007 2659 elaborant,
1044 2611 1178 2668 quae
1223 2590 1423 2648 sciunt
1462 2589 1609 2646 nihil
1648 2588 1727 2647 ad
1768 2609 1835 2647 se
1878 2587 2122 2647 omnino

219 2683 528 2758 pertinere.

489 2783 652 2840 Serit
679 2783 928 2848 arbores,
959 2801 1086 2858 quoe
1130 2782 1275 2840 seclo
1318 2783 1549 2858 prosint
1599 2782 1787 2850 alteri,
1848 2847 1861 2858 .

145 2929 154 2936 .
222 2886 284 2931 ut
310 2876 391 2934 ait
409 2879 627 2937 Statius
655 2891 856 2936 noster
873 2877 936 2934 in
959 2875 1352 2954 Synephebis.
1434 2881 1533 2933 25.
1569 2875 1705 2933 Nec
1725 2895 1865 2931 vero
1889 2873 2125 2932 dubitet
2196 2859 2207 2876 ⁸

223 2972 495 3046 agricola,
525 2973 796 3050 quamvis
829 2993 1033 3042 senex,
1063 2971 1372 3050 quaerenti,
1400 2973 1494 3030 cui
1519 2981 1692 3038 serat,
1720 2969 2085 3048 respondere
2108 2991 2123 3027 ε

226 3066 360 3124 Diis
380 3069 826 3139 immortalibus,
849 3071 952 3146 qui
971 3089 1062 3126 me
1085 3089 1197 3126 non
1226 3069 1479 3144 accepere
1505 3067 1671 3125 modo
1690 3068 1811 3124 kaec
1832 3086 1870 3123 a
1892 3065 2127 3143 majori·

227 3161 322 3218 bus
349 3165 658 3232 voluerunt,
685 3163 784 3220 sed
811 3165 986 3222 etiam
1009 3165 1257 3240 posteris
1278 3163 1545 3240 prodere.

303 3355 480 3413 VIII.
523 3355 744 3412 Melius
767 3355 1042 3413 Caecilius
1063 3355 1134 3414 de
1160 3377 1287 3414 sene
1311 3355 1486 3414 alteri
1512 3355 1715 3412 saeculo
1730 3350 2129 3428 prospiciente,

232 3471 398 3527 quam
426 3451 574 3509 illud
606 3451 810 3510 idem.

380 3547 656 3623 AEdepol,
685 3558 940 3614 senectus,
955 3548 1007 3604 si
1031 3549 1118 3604 nil
1145 3548 1465 3624 quidquam
1491 3543 1663 3602 aliud
1690 3542 1799 3598 viti

386 3643 668 3720 Apportes
695 3653 892 3710 tecum,
922 3661 1046 3700 cum
1075 3642 1355 3708 advenis,-
1400 3659 1577 3696 unum
1604 3636 1671 3693 id
1700 3644 1795 3691 sat
1821 3643 1920 3704 est,

393 3739 564 3817 Quod
594 3739 702 3798 diu
727 3738 968 3797 vivendo
994 3739 1200 3806 multa,
1227 3755 1353 3814 quae
1378 3755 1492 3793 non
1519 3733 1661 3802 vult,
1687 3728 1861 3790 videt.

1118 3834 1176 3892 A
1211 3839 1246 3890 2
