2492 4392
383 337 462 398 14
547 281 576 324 ι
801 349 806 356 ·
845 339 1369 396 u.‘·1·.⁸cicunoms
1406 353 1571 397 caro
1606 351 1835 408 nasot,

380 504 559 565 quarn
583 503 828 556 senum3
871 503 985 544 nec
1013 498 1212 544 tamen
1239 484 1508 543 onmium
1534 483 2021 554 adolescentium,
2034 483 2149 544 sed
2170 503 2301 544 non

379 582 734 661 proborum:
766 580 856 639 sic
877 580 994 639 ista
1019 581 1222 639 senilis
1247 579 1497 638 stultitia
1518 581 1679 657 (quae
1704 579 1979 638 deliratio
2002 579 2297 659 appellari

377 675 560 752 solet)
597 695 806 734 senum
838 677 1064 734 levium
1099 687 1207 744 est,
1235 695 1359 734 non
1392 676 1673 734 omnium.
1756 680 1853 733 37.
1888 675 2164 747 Quatuor
2196 696 2295 735 ro-

376 774 583 831 bustos
600 771 771 841 filios,
784 772 1048 850 quinque
1063 772 1232 842 filias,
1250 783 1475 830 tantam
1492 771 1753 840 domum,
1771 784 1962 830 tantas
1980 770 2293 832 clientelas

378 869 628 947 Appius
647 866 900 947 regebat
931 882 994 928 et
1027 889 1221 928 caecus
1256 881 1319 927 et
1344 887 1551 926 senex.
1631 867 1935 926 Intentum
1952 853 2128 926 'enim
2162 868 2289 926 ani-

376 985 562 1035 mum,
583 977 885 1043 tamquam
915 985 1138 1035 arcum,
1159 965 1441 1034 habebat,
1464 985 1578 1023 nec
1598 965 1991 1042 languescens
2018 983 2289 1022 succum·

373 1060 552 1119 bebat
591 1061 899 1120 senectuti.
999 1062 1276 1120 Tenebat
1315 1081 1434 1119 non
1478 1059 1653 1118 modo
1698 1060 2132 1128 auctoritatem,
2174 1059 2289 1118 sed.

373 1157 555 1215 etiam
597 1157 917 1236 imperium
961 1157 1024 1216 in
1071 1176 1248 1215 suost
1304 1156 1653 1216 metuebant
1708 1155 1883 1225 servi,
1924 1155 2287 1214 verebantur

373 1253 569 1322 liberi,
599 1272 800 1311 carum
835 1271 1040 1311 omnes
1065 1253 1398 1312 habebant:
1440 1252 1687 1330 vigebat
1716 1250 1782 1308 in'
1808 1250 1915 1308 illa
1942 1249 2121 1308 domo
2153 1269 2283 1308 mos

373 1347 600 1426 patrius
633 1361 696 1407 et
723 1348 1051 1428 disciplina.
1133 1351 1228 1408 38.
1266 1348 1363 1406 Ita
1394 1347 1554 1408 enim
1588 1359 1865 1406 senectus
1891 1347 2143 1406 honesta
2175 1360 2287 1418 est,

371 1443 421 1501 si
441 1463 510 1502 se
529 1444 664 1524 ipsa
684 1444 964 1514 defendit,
983 1444 1031 1502 si
1047 1446 1152 1524 jus
1177 1465 1353 1503 suum
1378 1444 1611 1514 retinet,
1630 1443 1681 1502 si
1700 1443 1927 1501 nemini
1946 1443 2289 1523 mancipata

373 1551 479 1610 est,
501 1540 552 1598 si
579 1559 772 1618 usque
801 1540 880 1600 ad
907 1539 1183 1598 ultimum·
1209 1540 1483 1619 spiritum
1510 1540 1849 1600 dominatur
1872 1539 1933 1598 in
1960 1545 2117 1598 suos.
2198 1539 2289 1598 Ut

371 1636 532 1694 enim
573 1635 1045 1707 adolescentem,'
1065 1636 1126 1693 in
1161 1657 1285 1714 quo
1324 1636 1513 1695 senile
1558 1635 1807 1714 aliquid,
1840 1636 1927 1694 sic
1966 1655 2194 1705 senem,
2221 1634 2289 1694 in

371 1753 494 1810 quo
535 1745 626 1790 est
667 1732 1060 1792 adolescentis
1101 1732 1341 1810 aliquid,
1377 1734 1609 1812 probo:
1664 1731 1827 1808 quod
1858 1732 1961 1808 qui
1993 1731 2287 1810 seqnitur,

371 1845 620 1907 corpore
651 1847 838 1888 senex
869 1849 1004 1888 esse
1035 1830 1273 1908 poterit,
1309 1828 1506 1888 animo
1538 1847 1841 1905 nunquam
1874 1827 2003 1885 erit.
2082 1827 2287 1906 Septi-

369 1944 502 1982 mus
528 1925 678 1983 mihi
703 1925 1018 2006 Originum
1045 1927 1206 1984 liber
1237 1938 1335 1984 est
1358 1925 1423 1983 in
1450 1924 1761 1995 manibu83
1804 1924 2003 1983 omnia
2036 1923 2290 2002 untiqui-

367 2021 506 2078 tatis
525 2034 906 2081 monumenta
919 2023 1166 2101 eollig03
1203 2041 1519 2080 causarum
1536 2019 1875 2089 illustrium,
1894 2039 2285 2097 quascunque

369 2115 808 2188 defendi,nunc
835 2139 1014 2196 quam
1043 2118 1307 2179 maxime
1332 2116 1585 2176 conficio
1612 2116 1945 2186 orationem
1969 2117 2071 2194 jus
2100 2136 2287 2194 augu-

365 2231 522 2282 rum,
539 2215 906 2291 pontificum,
925 2216 1100 2272 civile
1120 2227 1337 2283 tracto3
1374 2215 1635 2292 multum
1648 2213 1832 2272 etiam
1848 2213 2080 2272 Graecis
2096 2213 2305 2272 literis*

365 2320 522 2379 utor,
547 2309 1186 2388 Pythagoreorumque
1219 2329 1402 2379 more,
1420 2309 1777 2368 exercendae
1809 2310 2119 2368 memoriae
2152 2329 2287 2388 gra-

366 2403 468 2472 tia,
497 2404 642 2481 quid
675 2425 912 2483 quoque
947 2405 1046 2463 die
1079 2405 1358 2473 dixerim,
1394 2405 1708 2475 audierim,
1740 2405 1989 2483 egerim,
2020 2425 2285 2466 comme-

365 2517 534 2556 moro
561 2499 812 2576 vesperi.
894 2499 1012 2558 Hae
1047 2511 1185 2558 sunt
1217 2499 1677 2560 exercitationes
1710 2500 1960 2579 ingenii,
1982 2500 2115 2560 haec
2148 2521 2285 2560 cur-

363 2594 554 2652 ricula
585 2595 840 2666 mentis3
883 2595 944 2652 in
977 2595 1070 2653 his
1103 2595 1403 2654 desudans
1434 2609 1615 2674 atque
1648 2597 1981 2667 elaborante,
2010 2596 2283 2674 corpori-s

363 2690 522 2748 vires
549 2710 667 2748 non
695 2711 1060 2770 magnopere
1091 2691 1388 2751 desidero.
1468 2691 1701 2750 Adsum
1730 2692 1966 2750 amicis:
2010 2693 2187 2750 venio
2216 2692 2281 2750 in

364 2799 637 2844 senatum
657 2786 956 2864 frequens,
981 2789 1256 2866 ultroque
1288 2787 1470 2846 affero
1498 2807 1595 2847 res
1628 2790 1884 2870 multum·
1908 2801 1971 2845 et
1990 2788 2099 2847 diu
2118 2788 2281 2866 cogi·

363 2896 530 2952 tatas,
565 2901 786 2960 easque
819 2895 996 2942 tueor
1027 2884 1224 2954 animi,
1253 2905 1373 2942 non
1406 2884 1671 2963 corporis
1706 2884 1943 2942 viribus.
2026 2885 2193 2956 Quae
2223 2886 2283 2944 si

363 2979 610 3055 exsequi
637 2979 966 3057 nequirem,
995 2991 1197 3039 tamen
1223 3001 1323 3040 me
1352 2981 1601 3040 lectulus
1628 2980 1953 3038 oblectaret
1986 3001 2173 3050 meuS,
2202 3001 2282 3040 ea.

361 3074 492 3152 ipsa
515 3074 896 3152 cogitantem,
920 3095 1054 3151 quae
1072 3077 1200 3154 jam
1231 3096 1413 3154 agere
1440 3096 1559 3134 non
1587 3096 1828 3154 possem
1852 3098 1868 3134 2
1912 3077 2021 3136 sed
2049 3089 2117 3136 ut
2142 3097 2277 3154 pos-

361 3170 491 3240 sim,
525 3171 670 3230 facit
709 3183 842 3228 acta
874 3171 1008 3229 vita.
1089 3171 1351 3249 Semper
1391 3171 1547 3229 enim
1582 3171 1645 3230 in
1678 3171 1771 3229 his
1810 3171 2023 3230 studiis
2056 3173 2275 3232 labori-

360 3267 592 3343 busque
625 3266 840 3325 viventi
869 3286 987 3324 non
1020 3265 1391 3344 intelligitur,
1420 3267 1661 3344 quando
1692 3268 1943 3346 obrepat
1972 3281 2277 3342 senectus.

360 3361 457 3419 Ita
481 3363 704 3424 sensim
731 3363 860 3422 sine
887 3381 1066 3423 sensu
1095 3375 1238 3420 aetas
1274 3363 1525 3421 senescit
1540 3385 1557 3434 3
1598 3383 1713 3420 nec
1742 3365 1939 3423 subito
1966 3365 2277 3444 ftangitur,

361 3457 468 3515 sed
491 3457 876 3517 diuturnitate
905 3458 1321 3536 exstinguitur.

440 3648 590 3708 XII.
643 3654 740 3709 39.
783 3649 1067 3728 Sequitur
1106 3650 1285 3709 tertia
1324 3651 1685 3731 vituperatio
1732 3653 2071 3724 senectutis,
2107 3650 2279 3733 quod
2336 3635 2343 3642 ’

361 3761 495 3803 eam
543 3765 748 3806 carere
789 3745 998 3807 dicunt
1042 3747 1457 3827 voluptatibus.
1546 3748 1601 3808 Ο
1646 3751 2005 3829 praeclarum
2052 3770 2275 3811 munus
