2492 4392
372 362 456 422 68
918 376 985 419 κ.
1019 378 1077 420 τ.
1110 376 1434 419 cicaaoms
1472 356 1733 429 namus,

373 510 651 577 Paulum,
681 508 769 567 M.
791 509 1098 576 Catonem,
1128 508 1199 567 C.
1222 508 1485 575 Gallum,
1515 508 1586 567 P.
1607 508 1906 576 Nasicam,
1933 508 2070 567 Tib.
2095 510 2292 569 Grac·

372 604 567 667 chum,
604 600 897 679 Scipionis
936 602 1119 659 nostri
1160 620 1450 670 socerum,
1485 601 1818 659 dileximus.
1901 600 2058 659 Haec
2101 601 2289 659 etism

372 697 566 773 magis
600 697 797 753 elucet
828 695 985 753 inter
1010 698 1286 773 aequales,
1317 708 1380 753 ut
1406 696 1559 754 inter
1591 716 1688 755 me
1723 709 1785 753 et
1815 696 2179 775 Scipionem,
2212 697 2286 755 L.

374 790 644 857 Furium,
676 790 747 847 P.
768 790 1095 868 Rupilium,
1126 790 1230 869 Sp.
1256 791 1639 848 Mummium:
1680 790 1934 849 vicissim
1965 806 2169 850 autem
2195 811 2286 849 se-

371 904 481 942 nes
514 884 573 941 in
614 884 1077 943 adolescentium
1114 886 1362 943 caritate
1398 885 1851 962 acquiescimus,
1881 899 1946 944 ut
1976 885 2036 942 in
2064 900 2284 957 vestra,

373 979 517 1037 utin
538 980 617 1049 Q.
634 979 1003 1049 Tuberonis3
1040 980 1319 1057 equidem
1337 980 1518 1038 etiam
1539 980 1863 1037 admodum
1887 980 2286 1041 adolescentis

376 1073 693 1145 P.Rutilii,
710 1075 1055 1153 A.Virginii
1078 1075 1476 1133 familiaritate
1498 1074 1777 1134 delector.
1854 1075 2286 1153 Quoniamque

374 1171 459 1229 ita
504 1172 654 1229 ratio
696 1185 1035 1250 comparata
1080 1183 1171 1229 est
1212 1171 1350 1228 vitae
1401 1183 1748 1248 naturaeque
1789 1183 2024 1239 nostrae,
2061 1184 2128 1229 ut
2171 1172 2288 1229 alia

376 1277 519 1323 aetas
558 1265 780 1323 oriatur
820 1286 899 1323 ex
940 1266 1088 1334 alia3
1139 1266 1398 1324 maxime
1434 1265 1676 1341 quidem
1718 1265 2038 1344 optandum
2083 1279 2191 1335 est,
2221 1277 2289 1323 ut

380 1381 517 1418 cum
550 1361 877 1437 aequalibus
912 1360 1119 1438 possis,
1150 1361 1503 1437 quibuscum
1537 1373 1838 1437 tamquam
1871 1380 1906 1417 e
1939 1362 2288 1419 carceribus

378 1455 627 1512 emissus
657 1455 760 1524 sis,
790 1474 925 1513 cum
958 1454 1185 1512 eisdem
1218 1455 1292 1512 ad
1323 1457 1565 1524 calcem,
1593 1469 1660 1513 ut
1684 1454 1920 1525 dicitur,
1949 1456 2286 1533 pervenire.

382 1554 513 1608 102.
550 1548 671 1607 Sed
701 1550 977 1625 quoniam
1010 1569 1104 1606 res
1136 1550 1412 1607 humanae
1443 1549 1685 1627 fragiles
1720 1548 2106 1626 caducaeque'
2125 1564 2283 1621 sunt,

380 1664 619 1721 semper
646 1638 828 1721 aliqui
852 1642 1197 1719 anquirendi
1225 1656 1380 1711 sunt,
1399 1664 1548 1721 quos
1568 1644 1902 1720 diligamus,
1925 1656 1986 1701 et
2013 1664 2048 1701 a
2067 1645 2284 1721 quibus

379 1740 737 1817 diligamur:
782 1740 1026 1797 caritate
1054 1738 1217 1797 enim
1244 1738 1776 1815 benevolentiaque
1805 1739 2057 1807 sublata,
2089 1740 2284 1797 omnis

378 1848 469 1893 est
489 1856 523 1894 e
544 1835 667 1892 vita
692 1834 927 1892 sublata
943 1833 1308 1912 jucunditas.
1391 1834 1540 1891 Mihi
1562 1833 1804 1911 quidem
1835 1834 2058 1914 Scipio,
2077 1856 2282 1913 quam-

378 1952 551 2008 quam
594 1943 685 1988 est
723 1929 919 1988 subito
960 1942 1215 2008 ereptus,
1251 1928 1394 1987 vivit
1433 1942 1653 1996 tamen,
1688 1950 2042 2007 semperque
2083 1930 2278 1989 vivet:

377 2026 653 2085 virtutem
704 2026 863 2083 enim
910 2024 1100 2083 amavi
1143 2024 1300 2082 illius
1346 2023 1476 2092 viri,
1519 2044 1654 2101 quae
1701 2024 1964 2083 extincta
2010 2044 2127 2083 non
2177 2039 2283 2084 est.

378 2120 515 2182 Nec
557 2122 699 2179 mihi
732 2122 843 2180 soli
876 2134 1147 2179 versatur
1186 2132 1322 2179 ante
1360 2120 1582 2192 neuim,
1611 2120 1713 2197 qui
1745 2120 1906 2177 illam
1947 2140 2189 2198 semper
2220 2121 2282 2179 in

378 2216 646 2275 manibus
679 2216 879 2281 habui,
914 2214 1021 2273 sed
1055 2214 1237 2272 etiam
1274 2214 1529 2293 posteris
1569 2214 1682 2271 erit
1721 2215 1882 2271 clara
1922 2227 1984 2272 et
2017 2214 2281 2292 insignis.

378 2309 580 2368 Nemo
614 2330 870 2386 unquam
910 2309 1105 2367 animo
1146 2320 1250 2365 aut
1289 2328 1398 2387 spe
1429 2309 1658 2386 majora
1699 2309 2000 2386 suscipiet,
2029 2309 2132 2386 qui
2165 2310 2282 2367 sibi

376 2425 492 2463 non
516 2406 669 2462 illius
696 2405 1047 2463 memoriam
1076 2416 1252 2481 atque
1275 2403 1596 2482 imaginem
1617 2403 2072 2482 proponendam
2093 2418 2282 2483 putet.

381 2504 515 2557 103.
557 2498 862 2574 Equidem
896 2518 973 2555 ex
1006 2498 1276 2556 omnibus
1310 2498 1506 2567 rebus,
1536 2518 1682 2575 quas
1713 2497 1860 2556 mihi
1895 2512 1995 2557 aut
2025 2499 2282 2569 fortuna,

380 2607 481 2653 aut
514 2606 723 2652 natura
748 2591 970 2662 tribuit,
999 2593 1143 2650 nihil
1168 2593 1378 2661 habe0‚
1407 2593 1568 2670 quod
1597 2612 1734 2651 cum
1763 2594 2022 2651 amicitia
2049 2594 2281 2672 Scipio·

376 2689 470 2747 nis
498 2688 724 2767 possim
754 2707 1114 2765 comparare.
1194 2688 1266 2746 In
1293 2689 1408 2746 hac
1434 2688 1579 2746 mihi
1601 2687 1678 2745 de
1706 2689 2012 2766 republica
2039 2709 2281 2751 consen-

376 2805 496 2855 suS,
518 2784 579 2841 in
604 2783 717 2840 hac
743 2802 941 2839 rerum
969 2782 1692 2861 privatarum'consilium,
1713 2782 1774 2839 in
1803 2783 2014 2842 eadem
2040 2784 2280 2860 requies

375 2881 557 2959 plena
584 2876 993 2936 oblectationis
1012 2877 1139 2936 fuit.
1223 2876 1550 2954 Nunquam
1580 2878 1748 2936 illum
1776 2898 1854 2936 ne
1881 2878 2128 2935 minima
2151 2878 2278 2956 qui-

377 2974 515 3031 dem
542 2994 610 3031 re
640 2972 873 3041 offendi,
898 2972 1055 3050 quod
1078 2971 1320 3050 quidem
1347 2974 1664 3043 senserim3
1699 2972 1845 3030 nihil
1875 2973 2072 3031 audivi
2099 2994 2176 3031 ex
2203 2994 2277 3033 eo

372 3070 525 3148 ipse,
553 3069 713 3146 quod
744 3070 981 3127 nollem.
1062 3068 1204 3126 Una
1235 3067 1447 3125 domus
1487 3080 1627 3137 erat,
1662 3068 1823 3125 idem
1856 3068 2064 3138 victus,
2099 3069 2276 3145 isque

372 3165 739 3236 communis3
800 3184 997 3241 neque
1046 3164 1233 3221 solum
1285 3162 1509 3232 militia,
1554 3161 1660 3221 sed
1705 3162 1884 3220 etiam
1931 3164 2274 3241 peregrina-

371 3260 579 3329 tiones,
594 3259 1123 3335 rusticationesque
1142 3278 1506 3317 commuues.
1573 3262 1704 3316 104.
1727 3258 1885 3317 Nam
1905 3258 2046 3335 quid
2065 3278 2178 3335 ego
2196 3259 2276 3317 de

371 3357 579 3414 studiis
599 3356 793 3414 dicam
816 3354 1212 3432 cognoscendi
1234 3373 1474 3433 semper
1501 3355 1743 3432 aliquid,
1766 3368 1940 3432 atque
1963 3354 2230 3413 discendi
2249 3357 2274 3415 ‘l

370 3450 432 3507 in
465 3451 679 3528 quibus
712 3450 924 3509 remoti
958 3450 1033 3507 ab
1068 3448 1256 3507 oculis
1287 3450 1492 3528 populi
1527 3470 1702 3509 omne
1744 3451 1998 3509 otiosum
2039 3464 2275 3529 tempus

371 3546 769 3604 contrivimus.
852 3545 1128 3617 Quarum
1168 3565 1372 3604 rerum
1411 3547 1744 3605 recordatio
1785 3561 1844 3606 et
1881 3548 2186 3633 memoria,
2222 3550 2274 3609 si

369 3659 489 3699 una
522 3660 655 3699 cum
690 3641 793 3699 illo
835 3639 1160 3708 occidisset,
1190 3639 1553 3700 desiderium
1594 3643 2056 3722 conjunctissimi
2093 3656 2272 3722 atque

370 3734 758 3792 amantissimi
790 3734 901 3792 viri
928 3734 1085 3793 ferre
1118 3736 1286 3793 nullo
1321 3736 1498 3795 modo
1531 3757 1786 3816 possem.
1865 3738 1991 3797 Sed
2023 3757 2136 3797 uec
2167 3739 2274 3799 illa

2481 420 2483 485 1

2478 694 2483 759 ἢ

2417 873 2422 875 .
2481 800 2484 877 ¹

2481 1030 2483 1109 !

2479 1162 2484 1279 l
