2492 4392
427 378 512 435 42
975 390 1042 431 Μ.
1075 391 1135 432 τ.
1169 390 1494 432 mesaoms
1532 390 1793 441 Latmus,

428 528 524 582 20.
559 522 802 594 Quanta
829 535 1026 580 autem
1045 520 1136 579 vis
1163 521 1436 581 amicitias
1458 520 1551 592 sit,
1570 542 1648 580 ex
1666 522 1782 581 hoc
1802 521 2059 601 intelligi
2080 524 2399 583 maxime

426 630 637 697 potest,
672 617 833 695 quod
867 637 945 676 ex
985 616 1215 683 infinita
1254 618 1540 676 societate
1580 618 1821 696 generis
1860 616 2131 687 humani,
2172 640 2393 696 quam

427 712 762 771 conciliavit
788 712 920 792 ipsa
946 724 1171 780 natura,
1201 712 1287 770 ita
1312 726 1617 772 contracta
1642 732 1739 771 res
1768 725 1876 783 est,
1900 726 1961 771 et
1991 713 2280 773 adducta
2310 715 2389 773 in

425 821 759 886 angustum,
783 820 847 867 ut
873 807 1064 866 omnis
1093 807 1305 867 caritas
1334 821 1435 867 aut
1462 808 1615 867 inter
1642 807 1781 878 dun,
1806 820 1906 867 aut
1932 808 2089 867 inter
2118 830 2381 889 paucos

425 904 801 982 jungeretur.

503 1094 614 1153 VI.
651 1095 766 1153 Est
793 1108 989 1154 autern
1017 1095 1279 1154 amicitia
1305 1095 1455 1154 nihil
1483 1095 1664 1166 aliud,
1684 1095 1797 1155 nisi
1824 1094 2093 1155 omnium
2116 1095 2369 1157 divina.-

423 1211 556 1248 rum
589 1192 1102 1268 humanarumque
1133 1212 1342 1250 rerum
1375 1212 1511 1250 cum
1538 1191 1957 1250 benevolentia
1988 1204 2051 1250 et
2084 1193 2363 1251 caritate

424 1307 654 1345 summa
699 1287 1047 1347 consensioz
1109 1308 1228 1365 qua
1271 1286 1515 1364 quidem
1559 1286 1721 1345 haud
1764 1287 1907 1357 scic,
1950 1307 2044 1358 an,
2080 1302 2365 1366 excepta.

421 1382 734 1461 sapientia,
756 1382 1078 1459 quidquam
1107 1382 1322 1441 melius
1342 1382 1568 1441 homini
1596 1382 1672 1441 sit
1700 1403 1737 1441 a
1757 1382 1870 1441 diis
1898 1382 2357 1442 immortalibus

420 1476 640 1537 datum.
723 1477 981 1536 Divitias
1012 1476 1111 1535 alii
1137 1490 1508 1555 praeponunt,
1530 1478 1748 1537 bonam
1778 1478 1879 1537 alii
1908 1478 2352 1551 valetudinem,

420 1572 520 1630 alii
553 1574 910 1652 potentiam,
933 1573 1033 1631 alii
1060 1573 1335 1641 honores,
1364 1574 1533 1632 multi
1566 1574 1747 1633 etiam
1780 1558 2136 1653 roluptates.
2221 1576 2350 1634 Be-

417 1670 648 1727 luarum
681 1670 795 1727 hoc
822 1668 1066 1747 quidem
1099 1681 1445 1727 extremum
1480 1682 1607 1729 est:
1651 1669 1753 1728 illa
1786 1683 1989 1728 autem
2022 1671 2347 1750 superiora.

419 1764 648 1823 caduca
675 1777 736 1823 et
756 1764 996 1833 incerta,
1017 1764 1211 1842 posita
1238 1784 1357 1823 non
1386 1777 1511 1823 tam
1531 1764 1595 1822 in
1616 1764 1875 1823 consiliis
1899 1764 2131 1834 nostris,
2150 1787 2343 1843 quam

418 1859 480 1917 in
518 1860 772 1919 fortunae
816 1860 1164 1918 temeritate.
1247 1860 1378 1931 Qui
1420 1874 1615 1919 autem
1660 1860 1723 1917 in
1764 1860 1986 1919 virtute
2032 1869 2342 1921 summum

417 1955 642 2013 bonum
667 1967 913 2035 ponunt,
937 1956 1226 2033 praeclare
1254 1955 1340 2013 illi
1369 1955 1649 2033 quidem:
1693 1955 1805 2015 sed
1827 1957 1953 2015 haec
1982 1957 2115 2035 ipsa
2140 1957 2337 2016 virtus

420 2050 738 2109 amicitiam
765 2064 826 2109 et
857 2050 1066 2129 gignit,
1097 2064 1159 2109 et
1183 2051 1445 2109 continet
1469 2074 1484 2110 ε
1522 2072 1637 2109 nec
1671 2052 1799 2109 sine
1828 2051 2045 2110 virtute
2073 2054 2337 2113 amicitia

419 2166 552 2205 esse
576 2148 697 2206 ullo
718 2158 895 2226 pacto
918 2160 1127 2225 potest.
1209 2152 1305 2205 21.
1332 2147 1376 2205 J
1380 2167 1473 2205 am
1494 2146 1769 2205 virtutem
1794 2168 1872 2206 ex
1894 2148 2333 2208 consuetudine

417 2241 552 2300 vitae
575 2243 984 2320 sermonisque
999 2242 1185 2301 nostri
1207 2242 1681 2320 interpretemur,
1699 2263 1816 2301 nec
1832 2263 1985 2313 eam,
2004 2256 2069 2301 ut
2088 2243 2330 2320 quidam

418 2337 599 2407 docti,
626 2339 943 2397 verborum
984 2338 1424 2417 magnificentia
1464 2338 1799 2408 metiamur,
1826 2340 2107 2417 virosque
2140 2341 2327 2399 bonos

417 2452 544 2501 eos,
581 2431 683 2509 qui
716 2432 1024 2503 habentur,
1066 2454 1470 2503 numeremuS,
1506 2433 1751 2505 Paulos,
1786 2435 2063 2503 CatoneS,
2098 2435 2324 2504 Gallos,

419 2525 752 2605 Scipiones,
781 2526 1006 2586 Philos.
1088 2529 1204 2587 His
1237 2530 1567 2587 communis
1594 2530 1713 2587 vita.
1748 2544 2027 2589 contenta
2058 2541 2179 2589 est:
2222 2552 2323 2589 eos

418 2634 617 2679 autem
646 2621 999 2692 omittamus,
1031 2624 1133 2700 qui
1161 2624 1405 2683 omnino
1432 2644 1727 2702 nusquam
1752 2626 2146 2704 reperiuntur.
2224 2632 2319 2683 22.

419 2717 603 2775 Tales
631 2716 814 2795 igitur
839 2718 996 2777 inter
1022 2719 1180 2778 viros
1213 2720 1698 2779 amicitia-tantas
1732 2722 2199 2801 opportunitates
2223 2723 2319 2779 ha-

415 2815 538 2882 bet,
567 2825 810 2889 quantas
845 2815 946 2871 vix
981 2802 1136 2891 queo
1171 2815 1390 2875 dicere.
1472 2816 1799 2895 Principi0‚
1831 2818 1933 2894 qui
1966 2829 2161 2896 potest
2192 2838 2317 2877 esse

414 2909 540 2967 vita
573 2910 791 2979 vitalis,
819 2923 884 2967 ut
917 2910 1000 2967 ait
1027 2910 1280 2980 Ennius,
1309 2932 1442 2989 quae
1476 2932 1594 2970 non
1630 2912 1804 2971 amici
1838 2925 2047 2972 mutua
2074 2913 2314 2971 benevo-

414 3003 602 3062 lentia
642 3005 1063 3082 conquiescat?
1145 3006 1315 3078 Quid
1337 3007 1590 3077 dulcius,
1612 3028 1791 3086 quam
1820 3009 2064 3077 habere,
2085 3009 2313 3085 quicum

415 3100 614 3159 omnia
660 3100 882 3161 audeas
931 3101 1018 3160 sic
1060 3102 1242 3179 loqui,
1278 3115 1347 3162 ut
1390 3104 1635 3163 tecum?
1732 3104 1890 3175 Quis
1934 3117 2091 3162 esset
2129 3116 2309 3162 tantus

414 3196 646 3265 fructus
670 3196 731 3254 in
759 3196 1062 3275 prosperis
1096 3198 1293 3267 rebus,
1322 3198 1438 3257 nisi
1468 3199 1737 3269 haberes,
1768 3199 1871 3276 qui
1898 3200 2017 3257 illis
2052 3218 2214 3276 aeque
2245 3220 2309 3257 ac

414 3305 479 3352 tu
501 3292 630 3371 ipse
659 3291 984 3370 gauderet?
1066 3292 1375 3352 Adversas
1394 3313 1536 3352 vero
1561 3294 1719 3353 ferre
1742 3294 1982 3352 difficile
2012 3307 2165 3352 esset
2190 3295 2307 3353 sine

416 3410 508 3459 ee,
544 3389 646 3467 qui
685 3387 815 3447 illas
864 3387 1103 3465 gravius
1153 3387 1352 3457 etiam,
1398 3408 1575 3466 quam
1623 3403 1707 3458 tu,
1748 3388 1950 3447 ferret.
2051 3388 2305 3466 Denique

417 3498 631 3543 ceterae
654 3506 771 3556 res,
790 3504 924 3562 quae
947 3494 1328 3562 expetuntur,
1350 3496 1701 3563 opportunae
1724 3495 1860 3542 sunt
1880 3484 2127 3561 singulae
2147 3485 2304 3542 rebus

414 3580 542 3639 fere
571 3581 855 3659 singulis:
892 3579 1132 3649 divitiae,
1155 3592 1221 3637 ut
1247 3590 1451 3649 utare3
1492 3600 1655 3657 opes,
1686 3593 1751 3637 ut
1780 3580 2014 3651 colare3
2050 3580 2300 3651 honorem

415 3687 482 3732 ut
514 3675 793 3746 laudere3
836 3677 1196 3754 voluptates,
1231 3687 1298 3732 ut
1338 3674 1639 3752 gaudeas3
1682 3674 1983 3743 valetudO,
2020 3686 2083 3733 ut
2121 3674 2301 3735 dolore

417 3778 640 3838 careas,
665 3780 726 3827 et
751 3771 1098 3829 muneribus
1118 3770 1373 3847 fungare
1402 3770 1683 3849 corporis·
1765 3769 2053 3829 Amicitia
2077 3790 2165 3830 res
2188 3773 2299 3851 plu-
