2492 4392
375 382 461 441 80
835 394 904 438 u.
935 393 996 436 r.
1029 392 1354 437 cxcnaoms
1390 392 1555 435 caro
1590 390 1819 443 imon,

373 526 750 605 &nasutum
766 524 1143 601 prospiciunt.
1181 568 1186 573 -
1222 524 1329 583 Ex
1349 522 1463 599 quo'
1476 522 1841 597 intelligitur,
1864 520 2275 601 qualeesuum'

373 624 505 692 sint,
525 642 654 681 cum
677 641 735 679 se
749 621 932 697 plane
957 620 1208 695 emporis
1227 618 1471 677 vinculis
1496 616 1903 675 relaxaverint.
1990 617 2204 692 Quare,
2222 619 2275 677 ei

373 714 494 775 Rae
511 719 598 774 ita
625 726 772 785 sunt,
789 716 878 773 sic-
897 734 986 771 me
1009 715 1232 772 colitote
1258 724 1324 771 ut
1342 712 1509 770 deum
1522 733 1542 769 .·
1578 713 1669 769 ein
1696 730 1817 769 una
1842 722 1923 769 est
1942 711 2273 771 interitum

373 812 604 871 animus
643 831 772 870 cum
813 828 1062 885 corpore,
1105 829 1203 867 vos
1248 818 1459 877 tamem
1504 806 1636 864 deos
1676 816 1939 876 verentes,
1982 807 2087 885 qui
2126 808 2275 867 hane

373 924 591 965 omnem
611 904 1105 980 pulchritudinem
1135 912 1365 960 tuentur
1394 912 1449 960 et
1478 911 1701 977 regunt,
1728 902 2065 960 memoriam
2096 903 2274 961 nostri

370 1001 478 1077 pie
501 1000 886 1075 inviolateque
908 998 1271 1057 servabitis?

453 1189 699 1248 XXIII.
733 1193 830 1247 82.
859 1189 1054 1265 Cyrus
1069 1186 1313 1265 quidem
1328 1186 1457 1245 haec
1477 1186 1753 1257 moriens.
1825 1186 1974 1256 Nm,
1990 1186 2040 1245 si
2062 1187 2274 1265 placet,

374 1297 576 1342 nostra
600 1283 922 1359 videamus.
1003 1283 1204 1340 Nemo
1231 1302 1493 1359 unquam
1519 1280 1683 1351 mibi,
1706 1280 1929 1359 Scipio,
1961 1282 2277 1360 persuade·

377 1378 482 1447 bit,
511 1390 614 1437 aut
645 1390 874 1456 patrem
907 1389 1076 1436 tuum
1103 1376 1383 1445 Paulum,
1412 1388 1515 1433 aut
1546 1375 1693 1435 duos
1732 1396 1893 1446 avos,
1922 1376 2181 1435 Paulum
2216 1392 2278 1437 et

376 1471 747 1542 Africanum,
777 1484 878 1530 aut
903 1470 1170 1530 Africani
1198 1483 1430 1547 petrem
1466 1483 1569 1528 aut
1599 1484 1900 1548 patruum,
1930 1484 2031 1528 aut
2060 1472 2279 1531 multos

378 1579 726 1645 praestantes
759 1566 936 1633 viros,
973 1584 1120 1643 quos
1155 1585 1503 1623 enumerare
1538 1584 1655 1623 non
1690 1566 1781 1624 est
1812 1586 2083 1635 necesse,
2117 1581 2281 1626 tanta

377 1682 512 1719 esse
547 1674 804 1729 conatos,
833 1681 968 1739 quae
1009 1660 1088 1718 ad
1121 1659 1477 1738 posteritatis
1518 1660 1867 1718 memoriam
1900 1662 2277 1739 pertinerent,

374 1756 488 1813 nisi
515 1754 719 1813 'animo
760 1767 1082 1825 cernerent,
1111 1754 1515 1833 posteritatem
1556 1754 1631 1813 ad
1672 1774 1737 1812 se
1778 1755 2101 1833 pertinere.
2181 1758 2281 1815 An

379 1870 588 1909 censes
629 1853 724 1927 (ut
753 1851 832 1909 de
873 1871 970 1909 me
1005 1850 1135 1929 ipso
1175 1849 1401 1927 aliquid
1439 1869 1604 1907 more
1646 1869 1855 1907 senum
1898 1851 2143 1928 glorier)
2187 1872 2281 1910 me

381 1958 570 2005 tantos
597 1947 826 2006 labores
859 1945 1102 2004 diurnos
1133 1958 1568 2022 nocturnosque
1596 1943 1759 2001 domi
1784 1943 2129 2023 militiaeque
2160 1966 2282 2004 sus-

379 2055 692 2119 cepturum
718 2042 917 2113 fuisse,
945 2041 996 2099 si
1021 2040 1238 2099 iisdem
1268 2040 1481 2098 finibus
1520 2039 1776 2118 gloriam
1817 2059 2035 2109 meam,
2065 2041 2283 2118 quibus

376 2136 577 2206 vitam,
611 2156 806 2195 essem
839 2136 1313 2195 terminaturus'l
1355 2155 1553 2193 nonne
1586 2134 1801 2193 melius
1836 2136 2019 2193 multo
2055 2135 2282 2207 fuisset,

379 2231 630 2291 otiosam
656 2245 908 2301 aetatem,
925 2244 986 2291 et
1003 2232 1288 2308 quietam,
1306 2230 1437 2287 sine
1459 2232 1583 2287 ullo
1602 2231 1803 2289 labore
1826 2243 1889 2288 et
1909 2229 2283 2291 contentione

377 2326 739 2386 traducere?
819 2325 944 2383 Sed
969 2325 1176 2383 nescio
1205 2322 1504 2402 quomodo
1520 2324 1762 2381 animus
1790 2324 2029 2402 erigens
2057 2346 2121 2385 se
2150 2346 2284 2405 pos-

376 2420 672 2481 teritatem
693 2420 776 2477 ita
795 2438 1034 2496 semper
1053 2418 1473 2496 prospiciebat,
1496 2417 1684 2493 quasi,
1709 2437 1843 2475 cum
1874 2420 2229 2480 excessisset
2248 2442 2285 2480 e

375 2512 514 2582 vita,
543 2526 670 2571 tum
699 2512 956 2587 denique
983 2511 1240 2569 victurus
1269 2523 1443 2569 esset.
1524 2510 1707 2582 Quod
1736 2511 1980 2588 quidem
2013 2516 2075 2573 ni
2102 2516 2185 2575 ita
2218 2536 2285 2575 se

375 2608 642 2677 haberet,
659 2620 726 2664 ut
752 2605 930 2665 animi
951 2606 1318 2664 immortales
1345 2619 1562 2675 essent,
1581 2606 1739 2663 haud
1768 2607 1976 2685 optimi
1996 2611 2287 2689 cujusque

378 2701 609 2759 animus
636 2702 896 2761 maxime
923 2702 1001 2760 ad
1026 2701 1533 2761 immortalitatem
1558 2702 1766 2780 gloriae
1794 2703 2103 2763 niteretur.
2185 2711 2291 2766 83.·

377 2796 585 2867 Quidz
617 2796 774 2873 quod
793 2796 1261 2875 sapientissimus
1283 2795 1536 2875 quisque
1568 2798 1907 2875 aequissimo
1934 2800 2133 2859 animo
2158 2821 2285 2860 mo-

373 2890 539 2961 ritur,
561 2891 938 2952 stultissimus
959 2890 1345 2969 iniquissimo,
1368 2912 1565 2951 nonne
1594 2893 1764 2952 vobis
1785 2893 2022 2953 videtur
2049 2896 2285 2955 animus

373 2986 442 3056 is,
471 2987 570 3063 qui
596 2988 728 3066 plus
761 3000 966 3046 cernat
998 3000 1060 3045 et
1091 2987 1340 3066 longius,
1368 2987 1573 3047 videre
1619 3008 1685 3046 se
1722 2988 1799 3047 ad
1830 2989 2079 3047 meliora
2106 2992 2285 3068 profi-

375 3081 553 3140 cisci:
613 3081 714 3141 ille
763 3095 982 3152 autem,
1017 3082 1189 3160 cujus
1233 3083 1503 3141 obtusior
1530 3082 1624 3145 ,sit
1664 3083 1840 3154 acies,
1872 3104 1993 3143 non
2031 3084 2283 3145 videre?

373 3176 678 3253 Equidem
697 3177 913 3235 efferor
937 3177 1131 3235 studio
1151 3190 1350 3255 patres
1368 3190 1615 3248 vestros,
1636 3198 1783 3255 quos
1810 3180 1967 3238 colui
1988 3193 2051 3237 et
2074 3179 2284 3252 dilexi,

373 3272 651 3339 videndi:
693 3292 889 3351 neque
917 3293 1056 3332 vero
1085 3294 1186 3332 eos
1215 3274 1407 3332 solum
1434 3274 1750 3333 convenire
1778 3294 1943 3344 avec,
1966 3295 2118 3353 quos
2145 3276 2283 3355 ipse

374 3368 642 3447 cognovi,
671 3368 780 3427 sed
808 3368 939 3426 illos
972 3368 1170 3439 etiam,
1192 3368 1275 3427 'de
1306 3369 1519 3445 quibus
1552 3368 1771 3439 audivi,
1798 3381 1861 3427 et
1890 3369 2032 3447 legi,
2062 3383 2123 3429 et
2147 3370 2283 3449 ipse

373 3462 718 3541 conscripsi.
809 3462 954 3535 Quo
995 3463 1239 3540 quidem
1278 3482 1377 3521 me
1416 3462 1893 3541 proficiscentem
1933 3465 2095 3523 haud
2134 3485 2285 3525 sane

375 3558 505 3635 quis
537 3558 710 3617 facile
750 3559 1077 3629 retraxerit,
1111 3578 1309 3636 neque
1348 3572 1651 3635 tamquam
1686 3558 1925 3618 Peliam
1963 3562 2283 3621 recoxerit.

376 3653 558 3724 Quod
584 3654 634 3711 si
663 3654 798 3731 quis
827 3654 976 3713 deus
1004 3653 1151 3712 mihi
1179 3653 1483 3731 largiatur,
1514 3666 1583 3711 ut
1608 3672 1688 3713 ex
1715 3654 1828 3711 hac
1854 3668 2029 3713 aetate
2064 3676 2287 3735 repue-

372 3767 624 3818 rascam,
665 3760 726 3807 et
767 3749 832 3809 in
873 3749 1042 3809 cunis
1083 3748 1337 3827 vag-iam,
1370 3749 1543 3808 valde
1588 3768 1877 3809 recusem.
1958 3750 2095 3809 Nec
2135 3771 2287 3811 vero
