2492 4392
467 830 470 845 '
532 831 648 924 M.
713 837 1161 928 TULLII
1256 842 1913 932 CICERONIS

901 1087 1584 1175 LAELIUS.

1153 1287 1346 1326 slVss

693 1426 880 1501 DE
967 1382 1791 1504 AMICITIA.

667 1748 772 1806 Ad
805 1711 1018 1809 Trium
1061 1751 1453 1812 Pouromuu
1487 1755 1801 1814 Amnum.

329 1857 386 1916 I.
425 1864 486 1918 1.
518 1860 821 1932 Qum-us
851 1864 1094 1924 Mucms
1122 1885 1312 1945 augur
1330 1869 1519 1927 multa
1537 1856 1777 1926 narrare
1794 1867 1873 1926 de
1890 1867 1962 1925 C.
1978 1867 2189 1938 Laelio,

251 1971 472 2012 socero
518 1977 656 2027 suo,
691 1960 1038 2018 memoriter
1075 1953 1138 2020 et
1165 1953 1459 2041 jucunde'
1479 1949 1723 2032 solebat,
1748 1981 1865 2020 nec
1898 1960 2188 2032 dubitare,

254 2045 428 2106 illum
452 2050 524 2109 in
557 2053 727 2110 omni
754 2073 1030 2114 sermone
1060 2049 1360 2136 appellat-e
1388 2057 1739 2136 sapientem.
1820 2056 1960 2132 Ego
1988 2069 2189 2142 autem

255 2160 291 2198 a
317 2157 502 2221 patre
533 2146 624 2204 ita
649 2169 812 2207 eram
839 2149 1128 2210 deductus
1157 2153 1231 2210 ad
1256 2153 1611 2221 Scaevolam,
1639 2163 1831 2210 sumta
1852 2150 2005 2207 virili
2030 2163 2187 2228 toga,

257 2249 342 2308 ut,
372 2243 590 2318 quoad
616 2263 872 2321 possem,
901 2260 964 2304 et
994 2248 1222 2320 liceret,
1252 2269 1289 2307 a
1321 2249 1481 2308 senis
1515 2250 1705 2307 latere
1738 2265 2038 2322 nunquam
2072 2246 2187 2304 disn-

259 2336 576 2412 cederem.
635 2337 870 2419 'Itaque
897 2347 1086 2402 multa
1112 2347 1188 2403 ab
1210 2366 1285 2404 eo
1307 2344 1637 2424 prudenter
1656 2343 1977 2420 disputata,
1998 2342 2187 2400 multa

203 2483 210 2488 .
261 2430 452 2492 etiam
487 2436 750 2494 breviter
789 2451 850 2494 et
888 2440 1200 2500 commode
1235 2440 1411 2509 dicta,
1446 2429 1747 2498 memoriae
1789 2435 2143 2523 mandabam
2165 2459 2183 2496 ε

261 2525 520 2606 fierique
562 2531 872 2590 studebam
913 2535 1044 2613 ejus
1077 2535 1395 2616 prudentia
1426 2533 1665 2592 doctior.
1747 2529 1892 2618 (2¹19
1926 2545 2181 2603 mortuo,

259 2640 362 2681 me
408 2625 493 2682 ad
526 2626 866 2703 pontificem
900 2627 1232 2687 Scaevolam
1275 2625 1506 2693 contuli,
1533 2643 1717 2714 quem
1749 2645 1933 2682 unum
1965 2639 2181 2685 nostrae

265 2715 526 2775 civitatis
541 2731 602 2776 et
618 2717 676 2775 in
683 2719 858 2796 genio
875 2733 938 2778 et
945 2721 1178 2798 justitia
1191 2716 1739 2795 praestantissimu'm
1758 2717 1949 2776 audeo
1958 2719 2177 2778 dicere.

265 2811 398 2869 Sed
420 2811 499 2870 de
519 2813 630 2870 hoc
660 2813 804 2872 alias
820 2809 844 2872 ἐ’
867 2835 1024 2872 nunc
1052 2812 1236 2869 redeo
1264 2810 1335 2866 ad
1360 2817 1665 2886 augurem.
1746 2816 1802 2870 2.
1832 2811 1990 2870 Cum
2016 2834 2179 2892 saepe

265 2909 476 2976 multa,
498 2919 625 2965 tum
651 2909 892 2967 memini
920 2905 1081 2964 domi
1107 2898 1176 2958 in'
1195 2903 1547 2981 hemicyclio
1574 2904 1905 2977 sedentem,
1934 2921 1999 2965 ut
2025 2910 2176 2966 sole-

264 3002 391 3072 bat,
422 3023 558 3061 cum
592 3016 652 3060 et
685 3023 800 3080 ego
833 3019 1024 3060 essem
1051 3017 1170 3054 una
1196 2989 1259 3056 et
1286 2999 1459 3076 pauci
1489 2999 1809 3080 admodum
1835 3001 2175 3073 familiares,

266 3096 336 3153 in
376 3117 516 3155 eum
555 3091 888 3156 sermonem
921 3090 1091 3148 illum
1123 3091 1407 3162 incidere,
1439 3094 1543 3171 qui
1575 3105 1701 3153 tum
1732 3095 1861 3154 fere
1902 3099 2176 3156 omnibus

265 3177 478 3250 eratin
507 3191 623 3250 oi‘e.
689 3184 1038 3245 'Meministi
1057 3187 1213 3244 enim
1236 3188 1519 3266 profetam,
1538 3191 1761 3262 Attice,
1781 3205 1841 3250 et
1865 3212 1939 3249 eo
1960 3193 2172 3268 magis,

269 3289 427 3364 quod
443 3287 520 3344 P.
539 3279 812 3361 Sulpicio
845 3283 1088 3342 utebare
1123 3263 1558 3354 multumfffzum
1591 3285 1641 3343 is
1673 3286 1943 3343 tribunus
1975 3286 2173 3362 plebis

268 3365 500 3459 capitali
520 3379 660 3438 odio
684 3398 719 3436 a
741 3378 821 3449 Q.
841 3377 1146 3456 Pompei0,
1167 3379 1268 3456 qui
1290 3358 1417 3438 tum
1447 3393 1572 3438 erat
1598 3381 1819 3448 consul,
1838 3378 2173 3474 dissideret,

267 3496 516 3554 quocum
567 3472 1050 3552 conjunctissime
1099 3487 1160 3532 et
1211 3473 1614 3532 amantissime
1661 3473 1914 3540 vixerat,
1952 3487 2175 3548 quanta

265 3585 412 3630 esset
437 3569 755 3630 hominum
775 3568 872 3625 vel
899 3567 1230 3638 admiratio,
1253 3569 1351 3625 vel
1374 3567 1634 3643 querela.
1715 3571 1770 3624 3.
1805 3565 2019 3641 It‘aque
2046 3578 2173 3624 tum

261 3668 550 3738 Scaevola,
570 3685 722 3724 cum-
733 3662 795 3720 in
815 3682 946 3720 eam
963 3655 1156 3742 ipsam
1172 3661 1539 3719 mentionem
1557 3659 1877 3730 incidisset,
1896 3662 2173 3738 exposuit

257 3765 432 3838 nobis,
451 3777 806 3832 sermonem
829 3758 1000 3818 Laelii
1021 3757 1098 3818 de
1127 3755 1403 3828 amicitia,
1424 3753 1691 3814 habitum
1718 3756 1793 3818 ab
1818 3755 1921 3816 illo
1946 3775 2169 3829 secum,
