2492 4392
792 386 1302 431 AT'rlcUse—CAP.
1325 388 1464 441 via„
1477 389 1614 441 y111.
2033 379 2156 441 109

210 521 492 595 fuerant
532 519 613 579 ad
645 518 1006 601 Pompeium
1048 520 1576 601 proficiscentibus,
1597 522 1808 583 ‚omnia
1839 543 1918 583 ex
1951 543 2060 584 sua
2087 547 2160 587 re

218 616 529 677 familiari
572 615 753 676 dedit.
832 616 1043 695 Ipsum
1091 617 1448 696 Pompeium
1495 618 1870 697 conjunctum
1917 640 2034 678 non
2075 621 2160 683 of·

222 712 447 773 fendit
462 736 479 786 3
527 713 788 792 (nullum
826 713 901 770 ab
944 732 1017 770 eo
1054 712 1314 771 habebat
1353 712 1808 789 ornamentum‚)
1849 726 1919 772 ut
1959 716 2161 787 ceteri,

218 806 359 883 qui
393 825 505 883 per
550 826 689 867 eum
738 818 841 864 aut
870 805 1142 872 honores,
1170 816 1276 863 aut
1309 803 1540 878 divitias
1574 816 1882 882 ceperant,
1907 823 2160 881 quorum

214 901 473 979 partim
504 900 837 959 invitissimi
871 912 1063 959 castra
1094 911 1235 957 sunt
1263 897 1469 968 secuti,
1505 898 1723 978 partim
1755 919 1988 957 summa
2021 919 2158 957 cum

218 996 389 1074 ejus
432 996 757 1054 offensione
802 994 965 1054 domi
1010 1006 1438 1054 remanserunt.
1520 993 1720 1054 Attici.
1747 1006 1948 1054 autem
1987 994 2158 1071 quies

218 1102 565 1169 tantopere
588 1089 813 1159 Caesari
834 1090 947 1148 fuit
972 1101 1158 1168 grata,
1179 1101 1262 1158 ut,
1283 1088 1472 1147 victor
1498 1108 1680 1166 quum
1707 1089 1950 1167 privatis
1979 1109 2158 1168 pecu·

218 1184 383 1243 nias
404 1204 518 1262 per
545 1184 821 1263 epistolas
841 1184 1178 1263 imperaret,
1200 1184 1340 1241 huic
1362 1203 1484 1242 non
1513 1184 1706 1242 solum
1729 1185 2012 1241 molestus
2039 1203 2157 1242 non

222 1278 453 1349 fuerit,
481 1279 590 1337 sed
618 1279 799 1338 etiam
831 1279 1049 1338 sororis
1075 1279 1265 1337 filium
1295 1290 1358 1337 et
1385 1278 1465 1350 Q.
1483 1277 1842 1337 Ciceronem
1871 1298 1948 1337 ex
1975 1278 2156 1337 Pom-

226 1374 383 1454 peii
418 1375 623 1433 castris
664 1374 1041 1435 concesserit.
1120 1375 1223 1434 Sic
1251 1388 1456 1435 vetere
1493 1374 1758 1435 instituto
1786 1376 1920 1435 vitae
1949 1376 2158 1455 effugit

230 1489 411 1529 nova
438 1470 724 1549 pericula.

331 1659 514 1719 VIII.
570 1661 858 1720 Secutum
898 1674 991 1722 est
1040 1662 1209 1732 illud,
1267 1661 1466 1722 occiso
1505 1662 1763 1733 Caesare,
1805 1683 1988 1739 quum
2034 1684 2158 1723 res·

239 1756 503 1835 publica
538 1776 727 1835 penes
766 1757 985 1816 Brutos
1009 1756 1314 1817 videretur
1354 1778 1484 1821 esse
1524 1770 1586 1815 et
1618 1758 1890 1817 Cassium
1925 1778 1994 1817 ae
2035 1770 2158 1823 tote.

244 1850 463 1909 civitas
496 1870 560 1909 se
588 1850 667 1909 ad
716 1871 823 1910 eos
865 1852 1282 1913 convertissem
1321 1853 1408 1911 sic
1439 1850 1523 1913 M.
1553 1852 1606 1911 Γ
1681 1846 1922 1911 ”stis
1955 1864 2064 1921 est,
2094 1866 2159 1911 ut

242 1946 419 2005 nullo
449 1945 550 2004 ille
592 1945 939 2005 adolescens
978 1948 1195 2024 aequali
1227 1948 1591 2018 familiarius,
1621 1968 1800 2026 quam
1841 1967 1954 2005 noc
1992 1966 2154 2017 sene,

244 2058 453 2117 neque
478 2040 671 2099 solum
700 2060 837 2099 eum
864 2041 1196 2121 principem
1224 2040 1457 2100 consilii
1477 2041 1742 2111 haberet,
1765 2041 1868 2099 sed
1892 2040 2069 2099 etiam
2095 2042 2158 2100 in

250 2136 549 2196 convictu.
648 2135 1068 2214 Excogitatum
1116 2148 1209 2193 est
1255 2154 1290 2193 a
1335 2134 1707 2213 quibusdam,
1749 2148 1819 2193 ut
1864 2135 2156 2215 privatum

248 2231 533 2290 aerarium
580 2230 835 2291 Caesaris
880 2229 1355 2290 interfectoribus
1409 2230 1485 2288 ab
1541 2229 1838 2306 equitibus
1875 2230 2166 2291 Romanis

250 2325 732 2386 constitueretur.
813 2326 889 2384 Id
916 2326 1092 2385 facile
1133 2325 1290 2383 effici
1323 2344 1500 2404 posse
1535 2324 1796 2384 arbitrati
1829 2336 1984 2397 sunt,
2011 2325 2062 2383 si
2095 2338 2159 2385 et

249 2424 558 2505 principes
576 2423 737 2482 illius
762 2424 985 2483 ordinis
1015 2424 1302 2504 pecunias
1329 2423 1732 2483 contulissent.
1811 2424 2024 2503 Itaque
2053 2444 2156 2504 ap·

250 2521 513 2599 pellatus
555 2532 647 2579 est
690 2540 727 2579 a
758 2519 829 2578 C.
848 2519 1075 2590 Flavio,
1106 2520 1280 2579 Bruti
1311 2519 1604 2589 familiari,
1635 2519 1887 2592 Atticus,
1917 2533 1983 2580 ut
2025 2520 2156 2599 ejus

248 2615 343 2675 rei
371 2615 655 2694 princeps
694 2634 829 2673 esse
857 2616 1051 2674 vellet.
1130 2617 1215 2675 At
1242 2616 1364 2686 ille,
1394 2614 1495 2692 qui
1521 2614 1716 2675 officia
1759 2617 1964 2675 amicis
2004 2636 2155 2695 prae-

249 2710 462 2770 standa
498 2710 627 2769 sine
660 2710 917 2769 factione
950 2710 1332 2781 existimaret,
1367 2730 1728 2789 semperque
1763 2734 1800 2771 a
1831 2714 2050 2772 talibus
2087 2733 2155 2772 se

250 2805 515 2865 consiliis
555 2806 917 2876 removisset,
958 2805 1305 2884 responditt
1366 2806 1418 2864 si
1461 2805 1606 2883 quid
1640 2807 1861 2866 Brutus
1909 2808 1988 2866 de
2034 2809 2156 2867 suis

247 2900 629 2961 facultatibus
648 2901 735 2959 uti
755 2900 1050 2972 voluisset,
1068 2920 1333 2971 usurum,
1357 2914 1644 2978 quantum
1665 2901 1759 2959 hae
1780 2916 2152 2980 paterentur3

247 3016 315 3055 se
343 3014 541 3072 neque
562 3015 699 3055 cum
720 3014 1019 3072 quoquam
1041 2995 1119 3055 de
1148 3016 1223 3054 ea
1248 3016 1318 3053 re
1347 2996 1796 3065 collocuturum,
1819 3016 2012 3073 neque
2041 2998 2156 3057 coi-

250 3104 471 3149 turum.
553 3090 656 3149 Sic
690 3090 794 3148 ille
830 3090 1231 3149 consensionis
1268 3091 1482 3170 globus
1515 3090 1691 3169 hujus
1727 3089 1900 3148 unius
1935 3090 2156 3150 dissen-

250 3186 417 3246 sione
440 3186 720 3265 disjectus
741 3198 846 3244 est.
926 3185 1149 3263 Neque
1170 3186 1360 3245 multo
1380 3198 1514 3269 post
1535 3183 1805 3263 superior
1824 3204 1956 3242 esse
1978 3184 2156 3263 coepit

250 3280 566 3350 Antonius,
594 3282 679 3339 ita
704 3292 772 3340 ut
798 3281 1023 3339 Brutus
1057 3292 1119 3339 et
1146 3280 1410 3351 Cassius,
1438 3279 1894 3359 provinciarum,
1922 3298 2056 3355 quse
2083 3278 2156 3337 iis

250 3377 411 3435 necis
446 3396 631 3435 causa
654 3375 809 3435 datae
842 3388 1011 3435 erant
1044 3396 1079 3434 a
1112 3376 1472 3447 consulibus,
1501 3374 1834 3455 desperatis
1864 3375 2064 3442 rebus,
2093 3374 2156 3433 in

254 3472 533 3530 exsilium
564 3470 1097 3550 proficiscerentur.
1191 3470 1448 3542 Atticus,
1485 3472 1588 3549 qui
1620 3470 1938 3549 pecuniam
1978 3468 2156 3527 simul

255 3588 387 3627 cum
428 3568 649 3627 ceteris
690 3566 963 3625 conferre
1002 3568 1282 3626 noluerat
1317 3568 1558 3626 florenti
1592 3568 1678 3625 illi
1718 3568 1888 3646 parti,
1923 3567 2158 3645 abjecto

254 3663 439 3722 Bruto
461 3660 757 3739 Italiaque
785 3660 1022 3719 cedenti
1046 3659 1227 3718 LLS.
1259 3674 1500 3719 centum
1517 3660 1706 3719 millia
1722 3662 1950 3721 muneri
1979 3660 2156 3721 misit.

255 3758 469 3819 Eidem
502 3758 566 3817 in
599 3755 793 3835 Epiro
838 3756 1049 3815 absens
1096 3766 1365 3815 trecenta
1397 3756 1580 3835 jussit
1620 3756 1784 3831 dari3
1841 3776 2039 3833 neque
2081 3774 2156 3815 eo
