2492 4392
566 322 857 393 sommum
893 350 1438 397 soz-riomsa-a—eu.
1466 352 1598 407 vu„
1625 352 1759 397 vm.
2031 336 2114 399 99

216 491 426 539 ιιηειιτε
470 500 611 542 oum
657 493 856 542 eutem
898 481 979 541 ed
1008 480 1186 552 idem,
1210 483 1372 543 unde
1411 485 1602 544 semel
1645 482 1914 564 profecte
1955 497 2112 558 sunt,

168 656 181 663 ,
216 588 423 636 cuncta
457 574 619 635 as'tre
649 576 955 647 redierint,
984 576 1358 655 eandemque
1386 580 1566 639 totius
1599 578 1736 639 coeli
1765 578 2112 658 descriptio-

214 688 345 727 nem
372 671 567 749 longis
596 671 917 733 intervallis
942 673 1268 742 retulerint,
1290 685 1420 732 tum
1447 672 1550 733 ille
1575 694 1720 733 vere
1747 686 1986 733 vertens
2015 695 2114 733 an-

211 784 317 825 nus
344 766 636 843 appellari
658 778 881 844 potest:
918 766 979 825 iu
1002 786 1121 847 que
1142 765 1245 826 vix
1266 766 1469 827 dicere
1497 769 1712 839 audeo,
1729 788 1906 846 quem
1927 770 2116 830 multe

210 850 517 920 homiuum
559 862 761 921 secula
804 873 1133 923 teneantur.
1232 862 1532 940 Namque,
1569 876 1636 922 ut
1675 864 1818 922 olim
1857 864 2114 923 deficere

210 954 295 1013 sol
316 954 659 1015 hominibus
686 955 1103 1034 exstinguique
1128 956 1288 1017 visus
1318 968 1432 1027 est,
1453 978 1588 1017 cum
1611 958 1854 1019 Romuli
1881 960 2114 1020 animus

208 1048 334 1107 haec
352 1049 488 1128 ipse
507 1050 567 1109 in
586 1052 813 1129 temple
832 1051 1163 1130 penetravit
1180 1074 1197 1123 3
1234 1051 1318 1113 ita
1337 1052 1690 1131 quandoque
1711 1052 1922 1113 eedem
1945 1068 2114 1133 parte

208 1146 312 1214 sol,
336 1144 677 1223 eodemque
706 1157 975 1223 tempore
998 1145 1215 1205 iterum
1238 1146 1544 1217 defecerit,
1567 1160 1692 1206 tum
1719 1148 1904 1227 signis
1931 1150 2114 1209 omni·

207 1238 318 1299 bus
360 1240 439 1299 sd
483 1240 647 1301 idem
688 1239 1067 1319 principium,
1106 1240 1410 1318 stellisque
1453 1243 1761 1314 revocatis,
1806 1246 2113 1324 expletum

208 1353 431 1397 annum
472 1336 729 1395 habetet
778 1335 955 1413 hujus
999 1335 1237 1413 quidem
1281 1336 1416 1396 anni
1457 1336 1722 1397 nondum
1761 1339 2114 1418 vigesimam

209 1442 443 1507 partem
488 1429 639 1491 scito
684 1450 817 1491 esse
862 1450 1221 1489 conversam.
1303 1431 1623 1507 Quocirca,
1664 1432 1715 1491 si
1755 1433 2009 1494 reditum
2051 1435 2116 1502 in

206 1524 365 1586 hunc
402 1527 604 1585 locum
646 1524 1069 1604 desperaveris,
1103 1526 1167 1585 in
1200 1546 1320 1604 quo
1365 1528 1564 1587 omnia
1610 1542 1744 1589 sunt
1786 1530 2020 1609 magnis
2055 1543 2116 1589 et
2251 1478 2350 1703 ἒ

207 1620 620 1698 prestantibus
646 1620 824 1692 viris3
875 1620 1080 1697 quenti
1106 1621 1350 1681 tandem
1369 1627 1474 1682 'est
1505 1624 1618 1682 ista
1649 1624 1956 1684 hominum
1991 1627 2116 1703 glo-

207 1715 311 1785 rie,
342 1736 481 1793 quoe
507 1716 810 1794 pertinere
835 1715 937 1773 vix
972 1715 1049 1774 ad
1076 1716 1250 1777 unius
1276 1718 1412 1777 anni
1440 1731 1676 1797 partem
1703 1719 1984 1798 exiguam
2013 1739 2115 1798 po-
2265 1700 2368 1809 Q

208 1811 359 1870 test'l
445 1810 639 1889 Igitur
666 1810 783 1871 slte
810 1823 1085 1889 spectare
1111 1811 1163 1872 si
1188 1814 1370 1884 voles,
1399 1826 1578 1890 atque
1605 1814 1759 1872 hanc
1793 1812 2022 1882 sedem,
2053 1825 2116 1871 et
2356 1819 2385 1845 ”

208 1917 499 1967 aeternem
540 1904 784 1965 domum
829 1906 1131 1977 contueri3
1186 1926 1388 1985 neque
1437 1920 1498 1965 te
1539 1907 1910 1966 sermonibus
1953 1907 2118 1985 vulgi
2165 1730 2411 2015 Q]

208 2000 469 2071 dederis,
502 2020 616 2061 nec
657 2000 717 2061 in
760 2000 1021 2079 praemiis
1061 2001 1336 2059 humanis
1377 2020 1548 2079 spem
1590 2001 1866 2081 posueris
1913 2020 2116 2059 rerum

206 2106 483 2157 merum:
540 2094 661 2155 suis
703 2108 765 2154 te
808 2107 1041 2175 oportet
1080 2078 1385 2153 illecebris
1418 2095 1549 2173 ipss
1579 2095 1763 2153 virtus
1805 2095 1999 2154 trahet
2041 2096 2118 2155 ed
2297 2092 2438 2191 Q&

204 2210 421 2251 verum
464 2190 691 2251 decusa
736 2190 879 2269 quid
927 2190 1005 2250 tle
1050 2202 1113 2249 te
1160 2188 1261 2249 alii
1307 2190 1639 2267 loquantur,
1681 2190 1800 2270 ipsi
1837 2190 2112 2263 videant3

209 2287 316 2345 sed
356 2289 677 2364 loquentur
720 2298 937 2345 tamen.
1021 2286 1231 2343 Sermo
1280 2298 1476 2344 autem
1523 2286 1716 2345 omnis
1759 2286 1884 2358 ille,
1915 2299 1976 2345 et
2017 2306 2116 2347 en-

212 2381 429 2461 gustiis
460 2382 717 2460 cingitur
748 2382 821 2439 iis
854 2382 1187 2459 regionum,
1217 2400 1364 2458 quas
1391 2380 1576 2453 vides,
1605 2402 1718 2441 nec
1751 2402 2008 2461 unquam
2037 2383 2118 2441 de

212 2478 337 2537 ullo
366 2477 646 2557 perennis
677 2476 807 2545 fuit,
840 2488 903 2535 et
936 2476 1207 2535 obruitur
1236 2476 1544 2536 hominum
1577 2477 1836 2551 interitu,
1869 2492 1932 2539 et
1969 2478 2116 2537 obli-

210 2573 393 2633 vione
424 2572 787 2653 posteritatis
814 2571 1227 2651 exstinguitur.

2299 2186 2432 2385 h)

2273 2260 2334 2310 Ν.

292 2763 477 2824 VIII.
512 2763 673 2837 Quas
692 2783 831 2822 cum
852 2761 1115 2834 dixisset,
1132 2763 1272 2842 Ego
1288 2782 1452 2834 vero,
1468 2763 1727 2841 inquam,
1743 2764 1799 2823 Ο
1815 2766 2116 2835 Afficsne,

216 2860 267 2920 si
292 2859 543 2939 quidem
568 2860 725 2919 bene
750 2858 978 2919 meritis
1006 2858 1085 2917 de
1113 2858 1304 2937 petris
1331 2858 1500 2936 quasi
1526 2858 1698 2917 limes
1725 2858 1800 2921 ad
1830 2862 1967 2919 coeli
1995 2862 2118 2919 adi-

214 2942 347 3015 tum
364 2968 545 3033 patet,
568 2974 925 3034 quamquem
952 2974 989 3013 e
1007 2954 1268 3033 pueritie
1288 2953 1549 3033 vestigiis
1571 2953 1864 3032 ingressus
1891 2955 2116 3033 patriis,

218 3063 283 3109 et
314 3051 452 3121 tuis,
480 3049 681 3111 decori
708 3062 906 3109 vestro
944 3070 1065 3110 non
1096 3050 1296 3121 defui3
1338 3070 1498 3109 nunc
1529 3061 1747 3119 tamen,
1775 3060 1936 3109 tento
1971 3070 2120 3129 prae-

215 3145 339 3204 mio
363 3146 684 3224 proposito,
710 3146 903 3205 enitar
934 3146 1127 3204 multo
1150 3146 1508 3223 vigilantius.
1587 3146 1671 3206 Et
1697 3145 1822 3215 ille,
1851 3146 1950 3204 Tu
1976 3166 2120 3204 vero

218 3240 466 3309 enitere,
494 3252 559 3298 et
594 3240 681 3299 sic
712 3241 945 3311 habete,
970 3260 1093 3299 non
1134 3260 1266 3299 esse
1303 3252 1366 3299 te
1405 3242 1734 3313 mortalem,
1762 3240 1870 3299 sed
1903 3260 2120 3318 corpus

214 3335 349 3395 hoc.
446 3335 585 3393 Nec
632 3334 793 3393 enim
838 3348 905 3395 tu
950 3355 1035 3405 es,
1077 3354 1255 3411 quem
1301 3334 1492 3394 forma
1535 3336 1646 3395 ista
1689 3336 1970 3403 declaret,
1995 3334 2120 3393 sed

216 3450 390 3493 mens
423 3430 709 3509 cujusque
742 3430 794 3489 is
826 3442 918 3489 est
958 3429 1233 3508 quisque,
1265 3450 1387 3488 non
1419 3449 1496 3487 es.
1531 3430 1738 3508 figura,
1767 3450 1901 3507 quae
1935 3429 2124 3507 digito

219 3524 615 3585 demonstrari
634 3537 847 3603 potest.
928 3514 1133 3583 Deum
1151 3534 1213 3580 te
1232 3523 1419 3601 igitur
1442 3523 1589 3581 scito
1609 3544 1773 3583 esse:
1809 3525 1858 3583 si
1879 3523 2122 3602 quidem

220 3621 373 3681 deus
406 3634 517 3691 est,
552 3620 653 3698 qui
678 3621 859 3699 viget,
886 3619 987 3696 qui
1018 3615 1217 3686 sentit,
1244 3617 1347 3693 qui
1383 3617 1668 3689 meminit,
1696 3619 1800 3695 qui
1830 3618 2122 3699 providet,

221 3718 325 3797 qui
350 3730 475 3777 tem
506 3714 681 3793 regit,
708 3728 769 3774 et
794 3713 1152 3779 moderatur,
1180 3722 1240 3769 et
1271 3723 1472 3771 movet
1497 3709 1558 3769 id
1583 3732 1820 3792 corpus,
1849 3713 1947 3773 cui
1973 3732 2127 3793 prse-

2253 2831 2442 3353 ‘ssmms
2255 2405 2431 2761 ⁴³35!

1647 4221 2106 4333 A5052A
