2492 4392
681 352 1081 405 nummu,
1110 342 1420 397 vie-cnr.
1449 354 1513 407 1.,
1534 354 1596 395 11.
2005 342 2088 399 s?

148 488 415 547 Etenim
446 502 537 545 ex
570 504 665 555 e0‚
692 495 979 563 quantum
1004 484 1219 561 cuique
1246 484 1388 545 satis
1414 497 1524 556 est,
1555 484 1876 545 metiuntur
1899 487 2088 548 homi·
2117 496 2122 504 “

148 604 261 643 nos
296 582 668 641 divitium
702 580 964 639 modum.
1047 580 1270 639 Filiam
1297 581 1430 658 quis
1457 579 1638 639 habet
1653 604 1670 653 ς
1713 582 1971 659 pecunia
2001 568 2124 643 σοι·

147 700 305 757 opus
332 702 349 737 ι
398 678 603 749 duss3
644 676 907 755 majore:
948 676 1201 748 Plures3
1246 678 1476 755 majore
1509 678 1708 736 etiam.
1789 678 1875 737 Et
1917 679 1986 749 si,
2025 692 2092 739 ut

150 775 323 833 siunt
382 774 642 841 Danau,
670 771 1089 849 quinquaginta
1136 771 1254 831 sint
1295 773 1448 842 filiae,
1480 785 1566 831 tot
1605 772 1772 831 dotes
1815 794 2092 851 magnam

66 934 73 941 ‚
150 881 449 946 quaerunt
484 867 831 947 pecuniam.
913 866 1219 939 Quantum
1253 867 1412 927 enim
1439 868 1658 945 cuique
1687 888 1840 946 opus
1873 882 1985 939 est,
2013 869 2090 929 sd

147 964 215 1021 id
248 962 789 1031 accommodatur,
824 974 891 1019 ut
924 972 1057 1021 ante
1090 961 1235 1031 dixi,
1273 962 1608 1023 divitiarum
1647 963 1879 1033 modus.
1961 964 2092 1037 Qui

146 1058 344 1136 igitur
378 1078 515 1116 non
549 1056 701 1115 filies
732 1058 949 1135 plures,
976 1056 1085 1117 sed
1110 1056 1574 1118 innumerabiles
1607 1058 1960 1137 cupiditates
1988 1059 2088 1118 hs-

147 1155 279 1224 bet,
299 1175 449 1231 quae
472 1153 653 1212 brevi
672 1166 939 1234 tempore
960 1152 1247 1211 maximas
1269 1152 1472 1231 copias
1493 1152 1810 1212 exhaurire
1830 1152 2088 1232 possint3

152 1247 319 1307 hunc
354 1268 491 1326 quo
532 1246 713 1306 modo
744 1266 861 1325 ego
895 1248 1209 1325 appellabo
1242 1246 1500 1318 divitem,
1531 1268 1712 1324 quum
1745 1248 1879 1325 ipse·
1909 1249 2090 1307 etiaim

155 1364 349 1421 egere
382 1364 457 1403 se
492 1343 754 1401 seutist‘l
836 1346 933 1399 45.
969 1342 1149 1400 Multi
1172 1362 1252 1399 ex
1279 1355 1338 1400 te
1369 1341 1700 1410 audierunt,
1721 1362 1904 1419 quum
1933 1342 2090 1402 dice·

156 1458 279 1507 res,
314 1439 616 1497 neminem
654 1457 771 1495 esse
800 1437 1055 1505 divitem,
1090 1438 1204 1495 nisi
1236 1439 1338 1515 qui
1371 1438 1676 1495 exercitum
1715 1438 1870 1497 alere
1899 1450 2090 1514 posset

158 1533 283 1589 suit
287 1533 613 1610 fructibus
630 1553 653 1589 .·
699 1530 859 1608 quod
890 1533 1147 1609 populus
1168 1532 1474 1591 Romanus
1501 1532 1678 1591 tantis
1697 1534 2090 1613 vectigalibus

160 1625 555 1710 jampridem
577 1626 679 1684 vix
700 1638 913 1704 potest.
991 1626 1161 1703 Ergo
1178 1627 1292 1685 hoc
1311 1629 1628 1706 proposito,
1649 1648 1950 1707 nunquam
1971 1630 2090 1688 eris

164 1720 337 1779 dives
360 1735 535 1792 ente,
557 1740 737 1798 quam
754 1720 863 1779 tibi
884 1740 963 1779 ex
983 1721 1102 1779 tuis
1119 1722 1584 1799 possessionibus
1603 1736 1838 1785 tantum
1863 1724 2088 1782 reficis-

166 1827 281 1885 tur,
300 1830 373 1875 ut
395 1837 483 1875 eo
505 1815 665 1875 tueri
684 1835 793 1873 sex
812 1814 1081 1893 legiones
1108 1829 1167 1875 et
1194 1837 1412 1895 magns
1437 1818 1708 1895 equitum
1727 1837 1797 1875 ac
1817 1818 2090 1894 peditum

169 1912 407 1973 auxilia,
426 1912 643 1991 possis.
725 1911 769 1971 J
770 1930 868 1969 am
888 1910 1091 1971 fateris
1112 1912 1310 1989 igitur,
1327 1932 1448 1970 non
1469 1932 1596 1994 esse
1624 1924 1684 1970 te
1705 1910 1970 1980 divitem,
1993 1910 2092 1969 cui

170 2018 409 2067 tantum
444 2008 627 2078 desit,
653 2019 721 2065 ut
753 2008 1003 2085 expleas
1028 2005 1109 2076 id,
1139 2005 1305 2081 quod
1329 2018 1592 2083 exoptas.
1672 2006 1884 2079 Itaque
1918 2004 2092 2063 istam
2140 2008 2150 2013 “

172 2116 630 2181 paupertatem,
658 2104 753 2161 vel
776 2101 975 2180 potius
1000 2112 1332 2179 egestatem
1359 2119 1430 2160 ac
1455 2100 1902 2159 mendicitatem
1929 2112 2092 2159 tuam

174 2215 496 2275 uunquam
522 2198 771 2258 obscure
796 2196 1002 2257 tulisti.

260 2386 346 2445 11.
384 2394 487 2449 46.
517 2388 677 2447 Nem
706 2401 771 2447 ut
792 2387 883 2459 iis,
903 2388 1003 2466 qui
1025 2388 1270 2445 honeste
1299 2390 1424 2445 rem
1452 2400 1718 2464 quaeruut
1745 2389 2092 2448 mercaturis

178 2478 502 2555 faciendis,
544 2485 741 2563 operis
780 2483 1009 2553 dandis,
1052 2482 1306 2563 publicis
1345 2482 1662 2562 sumendis,
1704 2483 2092 2563 intellig-imus

186 2593 339 2653 opus
374 2600 515 2639 esse
542 2578 825 2657 quaesito:
868 2579 973 2648 sic,
1004 2578 1107 2654 qui
1132 2576 1301 2635 videt
1328 2576 1487 2635 domi
1513 2592 1632 2638 tuae
1663 2581 1890 2659 pariter
1923 2600 2093 2639 sccu-

184 2682 451 2733 setorum
488 2687 661 2751 utque
686 2673 959 2752 judicum
992 2672 1359 2731 consociatos
1393 2692 1640 2749 greges3
1683 2676 1788 2751 qni
1813 2689 2094 2735 nocentes

191 2776 252 2821 et
276 2770 637 2844 pecuniosos
662 2788 817 2837 reos,
846 2768 1059 2826 eodem
1089 2780 1151 2825 te
1176 2779 1436 2837 auctore,
1464 2771 1860 2845 corruptelam
1879 2769 2095 2849 judicii

189 2862 527 2933 molientes,
570 2864 673 2941 qui
714 2877 847 2922 tuas
894 2862 1237 2921 mercedum
1280 2862 1584 2941 pactiones
1626 2863 1688 2919 in
1736 2865 2093 2941 patrociniis,

196 2951 659 3039 intercessiones
699 2957 1085 3036 pecuniarum
1128 2957 1189 3013 in
1230 2956 1586 3015 coitionibus
1633 2958 2094 3029 candidatorum,

197 3046 573 3113 dimissiones
593 3054 940 3112 libertorum
970 3052 1045 3110 ad
1064 3052 1422 3111 fenerandas
1451 3050 1934 3141 diripiendasque
1959 3074 2095 3132 pro·

200 3146 451 3212 vincias:
487 3151 589 3229 qui
610 3150 993 3229 expulsiones
1014 3150 1362 3220 vicinorum,
1379 3148 1482 3228 qui
1502 3147 1812 3206 latrocinia
1837 3148 1899 3205 in
1921 3147 2096 3226 agris,

202 3245 301 3318 qui
346 3268 483 3321 cum
526 3247 735 3333 segvis,
770 3266 907 3303 cum
948 3245 1191 3314 libertis,
1226 3266 1366 3303 cum
1408 3243 1718 3303 clientibus
1765 3241 2097 3311 societates,

204 3339 303 3413 qui
333 3342 739 3419 possessiones
780 3360 1013 3409 vacuas,
1048 3340 1151 3416 qui
1190 3340 1658 3419 proscriptiones
1695 3335 2098 3415 locupletium,

204 3435 303 3508 qui
326 3438 525 3497 caedes
556 3436 1031 3515 municipiorum,
1062 3435 1165 3512 qui
1192 3434 1356 3492 illam
1385 3434 1614 3493 Sullani
1639 3431 1920 3510 temporis
1951 3450 2099 3487 mes-

208 3545 328 3589 sem
360 3532 736 3600 recordetur,
763 3529 865 3609 qui
894 3541 1247 3589 testamenta
1277 3529 1562 3605 sulfiecte,
1592 3526 1696 3604 qui
1719 3526 1984 3585 sublatos
2017 3536 2104 3582 tot

208 3620 507 3700 hominem
541 3624 650 3704 qui
670 3625 929 3703 denique
950 3623 1150 3682 omnia
1168 3620 1419 3691 venalis,
1439 3620 1757 3701 delectum,
1773 3620 2101 3687 decretum,

214 3716 483 3793 alienam,
516 3740 687 3781 susm
726 3719 1095 3788 sententium,
1127 3716 1343 3784 forum,
1368 3714 1634 3786 domum,
1661 3730 1892 3785 vocem,
1925 3712 2101 3773 silen-
