2492 4392
325 731 670 840 'VITA
745 749 832 838 T.
890 751 1509 839 ΡοΜΡοΝΙΙ
1580 749 2029 837 A'r'rlcl

577 947 722 1020 EX
777 946 1313 1042 CORNELIO
1367 945 1811 1020 NEPOTE.
1949 913 1957 920 '

305 1273 370 1332 Ι.
409 1274 480 1332 Τ.
497 1274 868 1332 ΡοΜΡοΝιυε
889 1275 1186 1344 Arrrcus,
1208 1274 1283 1332 ab
1312 1273 1541 1352 origiue
1567 1273 1772 1332 ultima
1796 1273 1997 1353 stirpis
2018 1274 2137 1334 Ro-

211 1387 434 1427 manae
473 1383 807 1446 generatus,
837 1382 1132 1448 perpetuo
1167 1389 1204 1428 a
1233 1369 1557 1447 majoribus
1591 1382 1895 1448 acceptam
1928 1389 2137 1448 eques·

211 1460 392 1520 trem
419 1462 676 1522 obtinuit
693 1463 1062 1541 dignitatem.
1141 1463 1323 1522 Patre
1351 1483 1493 1522 usus
1512 1477 1601 1522 est
1622 1463 1925 1542 diligente,
1947 1465 2137 1523 indul·

217 1571 442 1634 gente,
459 1571 540 1627 et,
561 1571 628 1616 ut
649 1571 773 1616 tum
793 1571 964 1616 eraut
989 1571 1275 1636 tempora,
1298 1558 1420 1628 diti,
1442 1558 1849 1637 imprimisque
1876 1559 2139 1618 studioso

215 1652 591 1711 litterarum.
672 1653 812 1722 Hic,
835 1664 1008 1731 prout
1027 1652 1162 1731 ipse
1190 1653 1421 1714 amabat
1439 1653 1683 1723 litteras,
1706 1653 1979 1712 omnibus
2004 1652 2137 1712 doc·

221 1746 430 1817 trinis,
451 1747 666 1826 quibus
687 1748 932 1826 puerilis
957 1759 1101 1806 aetas
1123 1747 1413 1825 impertiri
1433 1737 1633 1818 debet,
1654 1747 1841 1806 filium
1868 1745 2139 1806 erudivit.

223 1841 388 1902 Em
423 1856 622 1902 autem
654 1843 716 1900 in
746 1862 954 1921 puero,
984 1855 1206 1921 praeter
1237 1842 1605 1902 docilitatem
1638 1841 1879 1920 ingenii,
1910 1860 2143 1900 summa

229 1938 506 1996 suavitas
547 1937 664 1995 oris
697 1957 766 1996 ac
799 1937 980 2006 vocis,
1013 1949 1080 1996 ut
1117 1957 1236 1996 non
1276 1938 1467 1996 solum
1508 1937 1783 1994 celeriter
1822 1934 2141 2012 acciperet,

233 2055 380 2112 quae
441 2033 847 2104 tradebantur,
901 2032 1006 2091 sed
1061 2031 1240 2106 etiam
1302 2032 1667 2089 excellenter
1717 2028 2141 2108 pronuntiaret.

235 2129 390 2202 Qua
431 2149 512 2187 ex
553 2148 622 2186 re
664 2128 726 2186 iu
770 2127 1026 2206 pueritia
1070 2125 1289 2186 nobilis
1328 2125 1487 2183 inter
1528 2125 1787 2200 aequales
1822 2123 2142 2194 ferebatur,

237 2224 583 2301 clariusque
625 2223 1180 2302 exsplendescebat,
1213 2241 1391 2298 quam
1440 2219 1715 2300 generosi
1756 2218 2145 2296 condiscipuli

239 2319 442 2377 animo
469 2339 642 2396 aequo
661 2319 814 2378 ferre
835 2329 1094 2396 possent.
1175 2317 1391 2393 Itaque
1411 2315 1691 2375 incitabat
1716 2333 1923 2374 omnes
1948 2313 2143 2374 studio

240 2434 386 2473 suo:
416 2434 537 2491 quo
559 2413 619 2471 in
638 2433 886 2471 numero
907 2411 1147 2470 fuerunt
1165 2411 1238 2469 L.
1256 2410 1605 2488 Torquatus,
1626 2410 1697 2468 C.
1716 2409 1947 2470 Marius
1969 2409 2141 2480 filius,

241 2510 334 2567 M.
358 2509 593 2578 Cicero,
637 2527 784 2585 quos
832 2505 1261 2566 consuetudine
1307 2525 1417 2564 sua
1460 2506 1550 2564 sic
1597 2504 1709 2564 sibi
1752 2503 2037 2574 devinxit,
2072 2515 2141 2564 ut

238 2625 426 2664 nemo
453 2604 523 2662 iis
553 2591 844 2683 perpetuo
868 2601 1051 2662 fuerit
1077 2601 1283 2660 carior.

327 2796 409 2853 II.
442 2795 628 2854 Pater
645 2805 874 2852 mature
895 2791 1164 2851 decessit.
1245 2791 1384 2870 Ipse
1410 2789 1877 2850 adolescentulus
1896 2804 2141 2871 propter

243 2890 588 2948 affinitatem
617 2887 690 2946 P.
711 2886 976 2965 Sulpicii,
1005 2886 1108 2964 qui
1135 2886 1405 2944 tribunus
1436 2885 1627 2964 plebis
1660 2885 2001 2944 interfectus
2034 2899 2142 2955 est,

241 3006 366 3044 nou
385 3005 604 3063 expers
623 2983 733 3041 fuit
756 2983 912 3040 illius
937 2981 1202 3060 periculi.
1276 2981 1555 3058 Namque
1574 2980 1804 3050 Anicia,
1822 2979 2143 3059 Pomponii

245 3080 617 3148 consobrina,
637 3089 922 3155 nupserat
943 3077 1027 3136 M.
1047 3075 1273 3144 Servi0,
1295 3075 1457 3134 fratri
1478 3073 1747 3153 Sulpicii.
1827 3075 2037 3152 Itaque
2056 3075 2142 3133 in-

247 3174 504 3234 terfecto
532 3171 800 3250 Sulpicio
827 3184 1210 3249 posteaquam
1236 3169 1399 3236 vidit,
1422 3169 1697 3228 Cinnano
1724 3170 1977 3227 tumultu
2004 3167 2142 3228 civi·

245 3283 432 3328 tatem
476 3287 608 3326 esse
651 3267 1066 3344 perturbatam,
1099 3283 1295 3342 neque
1340 3264 1453 3322 sibi
1484 3263 1616 3322 dari
1647 3262 1992 3321 facultatem
2033 3281 2145 3338 pro

249 3364 540 3442 dignitate
567 3360 826 3431 vivendi,
853 3359 995 3438 quin
1031 3361 1375 3416 alterutram
1402 3370 1633 3436 partem
1666 3355 2003 3421 offenderet,
2030 3353 2145 3410 dis-

253 3457 484 3517 sociatis
533 3455 745 3514 animis
789 3455 1020 3522 civium,
1055 3474 1238 3530 quum
1284 3452 1383 3510 alii
1416 3449 1693 3516 Sullanis,
1728 3447 1829 3505 alii
1862 3446 2147 3506 Cinnanis

253 3553 522 3612 faverent
562 3549 862 3629 partibu83
921 3547 1202 3605 idoneum
1246 3558 1484 3620 tempus
1526 3553 1687 3598 ratus
1730 3538 1939 3596 studiis
1980 3541 2147 3598 obse-

255 3646 480 3727 quendi
513 3645 656 3713 suis,
677 3644 946 3703 Athenas
977 3663 1042 3701 se
1076 3638 1341 3700 contulit.
1422 3635 1639 3709 Neque
1672 3651 1745 3689 eo
1777 3631 1971 3690 secius
2012 3632 2148 3691 ado-

245 3743 581 3802 -lescentem
615 3738 896 3818 Marium,
923 3738 1152 3796 hostem
1186 3731 1539 3811 judicatum,
1564 3725 1720 3804 juvit
1752 3725 1961 3806 opibus
1994 3727 2147 3800 suin

1143 3827 1198 3886 E
1224 3830 1263 3884 2
