2492 4392
401 407 489 465 54
950 415 1019 458 ι.
1050 415 1113 458 τ.
1142 412 1468 457 cxc-nom
1501 410 1763 463 mame,

402 551 702 630 pretiosa3
750 546 975 604 amicos
1014 565 1135 604 non
1174 563 1402 624 parare,
1431 544 1718 622 optimam
1751 551 1814 599 et
1842 539 2314 619 pulcherrimam

402 648 557 713 vitae,
592 658 657 701 ut
698 644 779 700 ita
814 641 1028 708 dicam,
1060 639 1548 720 supellectilem?
1636 635 1884 695 Etenim
1925 647 2129 694 cetera
2167 656 2311 694 cum

400 752 626 819 parant,
662 738 761 796 cui
804 749 1037 816 parent,
1072 737 1366 803 nesciunt,
1399 755 1514 792 nec
1561 734 1732 811 cujus
1777 751 1956 790 causa
1991 732 2306 800 laborent3

402 837 531 912 ejus
564 848 655 891 est
686 833 846 891 enim
878 833 1129 889 istorum
1154 829 1442 908 quidque,
1468 828 1574 904 qui
1597 827 1780 884 vincit
1803 826 2060 883 viribus:
2097 825 2306 884 amici-

398 931 618 987 tiarum
656 948 767 985 sua
806 927 1023 1003 cuique
1054 937 1372 1004 permanet
1407 922 1634 980 stabilis
1675 933 1738 979 et
1767 935 1931 978 certa
1962 921 2304 998 possessi03

398 1038 480 1092 ut,
516 1023 695 1080 etiam
735 1022 786 1079 si
820 1023 923 1078 illa
960 1033 1258 1087 maneant,
1285 1039 1420 1096 quae
1457 1029 1594 1075 aunt
1633 1015 1802 1092 quasi
1835 1014 1990 1072 dona
2029 1016 2304 1084 fortunae,

396 1129 595 1174 tamen
636 1116 758 1173 vita
790 1115 1015 1172 inculta
1052 1128 1113 1171 ct
1146 1113 1384 1170 deserta
1423 1112 1502 1170 ab
1541 1110 1748 1168 amicis
1785 1129 1902 1166 non
1943 1109 2136 1188 possit
2175 1131 2306 1168 esse

399 1211 684 1290 jucunda.
765 1209 891 1267 Sed
913 1211 1043 1267 haec
1070 1210 1376 1265 hactenus.

477 1399 652 1459 XVI.
694 1405 789 1457 56.
824 1397 1237 1456 Constitueudi
1263 1409 1400 1454 sunt
1431 1408 1646 1466 autem,
1673 1395 1780 1473 qui
1805 1395 1926 1453 sint
1949 1395 2014 1452 in
2041 1395 2305 1454 amicitia

396 1495 563 1562 fines,
598 1507 663 1551 et
703 1492 871 1570 quasi
918 1490 1157 1549 termini
1194 1490 1519 1568 diligendi;
1577 1490 1656 1549 de
1697 1490 1910 1567 quibus
1963 1502 2085 1547 tres
2125 1490 2302 1548 video

396 1589 717 1647 sententias
748 1587 914 1657 ferri,
942 1605 1197 1665 quarum
1228 1588 1458 1645 nullam
1491 1587 1718 1665 probo:
1759 1607 1957 1655 unm,
1986 1600 2056 1645 ut
2087 1587 2303 1646 eodem

398 1685 580 1741 modo
620 1703 769 1762 erga
809 1684 1031 1741 amicos
1072 1683 1264 1740 affecti
1294 1682 1496 1750 simus,
1523 1701 1644 1758 quo
1681 1701 1830 1760 erga
1867 1682 2300 1760 nosmetipsos3
2371 1711 2378 1720 ·

398 1781 663 1847 alteram,
698 1791 767 1836 ut
804 1791 1005 1836 nostra
1041 1777 1105 1835 in
1152 1777 1380 1834 amicos
1420 1777 1840 1836 benevolentia
1877 1778 2115 1835 illorum
2157 1797 2303 1854 erga

396 1891 507 1932 noa
546 1873 969 1932 benevolentiae
1008 1873 1237 1952 pariter
1273 1872 1702 1949 aequaliterque
1741 1871 2134 1950 respondean
2183 1885 2302 1930 ter·

396 1968 559 2034 tiam,
590 1983 672 2037 ut,
698 1969 903 2046 quanti
930 1968 1181 2045 quisque
1214 1987 1284 2025 ee
1314 1968 1448 2046 ipae
1473 1966 1629 2034 facit,
1657 1969 1802 2026 tanti
1827 1967 1931 2025 fiat
1963 1969 2040 2026 ab
2073 1968 2302 2026 amici&

398 2069 495 2121 57.
538 2064 773 2121 Harum
820 2064 1006 2121 trium
1048 2063 1472 2121 sententiarum
1515 2063 1664 2120 nulli
1705 2082 1949 2140 prorsus
1997 2063 2303 2120 assentior.

400 2159 537 2216 Nec
580 2159 738 2237 enim
778 2159 881 2216 illa
918 2159 1115 2236 prima
1154 2177 1298 2216 vera
1340 2170 1444 2224 est,
1474 2170 1557 2226 ut,
1587 2156 2086 2234 quemadmodum
2127 2157 2190 2215 in
2235 2177 2302 2216 se

400 2255 665 2329 quisque,
694 2253 779 2312 sic
807 2253 867 2311 in
896 2253 1157 2311 amicum
1182 2253 1260 2310 sit
1287 2252 1592 2310 animatu&
1673 2251 1876 2322 Quam
1903 2253 2090 2310 multa
2116 2252 2301 2322 enim,

396 2371 530 2426 quae
584 2364 787 2408 nostra
842 2369 1018 2408 causa
1070 2369 1374 2426 nunquam
1419 2348 1772 2416 faceremm,
1817 2347 2066 2406 facimus
2121 2367 2304 2406 causa

398 2445 758 2502 amicorum!
804 2445 1035 2522 precari
1062 2445 1137 2502 ab
1162 2444 1430 2520 indigno,
1457 2442 1793 2521 supplicare
1817 2465 1832 2502 ε
1866 2454 1993 2500 tum
2027 2443 2302 2500 acerbius

394 2537 456 2592 in
488 2537 747 2612 aliquem
776 2538 992 2606 invehi,
1014 2538 1413 2614 insectarique
1433 2537 1876 2608 vehementium
1911 2557 2048 2615 quae
2073 2537 2138 2594 in
2165 2557 2301 2595 nos·

394 2630 501 2686 tris
540 2631 721 2687 rebus
758 2649 878 2688 non
917 2632 1059 2690 satis
1092 2633 1356 2702 honeste,
1383 2633 1444 2689 in
1481 2632 1806 2690 amicorum
1837 2632 1986 2690 fiunt
2017 2633 2302 2690 honestis-

396 2724 584 2782 sime:
622 2727 821 2784 multae
842 2745 1079 2803 quoque
1105 2747 1203 2785 ree
1230 2741 1384 2796 sunt,
1406 2728 1466 2784 in
1489 2727 1703 2804 quibus
1723 2727 1801 2784 de
1827 2727 1950 2785 suia
1971 2727 2301 2786 commodis

396 2819 509 2876 viri
554 2819 693 2877 boni
742 2822 928 2880 multa
970 2821 1288 2882 detrahunt
1341 2822 1693 2900 detrahique
1749 2823 2070 2900 patiuntur,
2115 2835 2182 2880 ut
2228 2822 2302 2880 ii·

400 2913 576 2971 amici
618 2915 835 2992 potina,
870 2937 1047 2994 quam
1088 2917 1219 2994 ipsi,
1254 2917 1542 2976 fruantur.
1625 2921 1722 2976 58.
1757 2919 1972 2977 Altera
2009 2918 2306 2976 sententia

398 3022 504 3077 eat,
534 3031 668 3086 quae
696 3009 906 3069 definit
934 3011 1256 3070 amicitiam
1279 3014 1522 3090 paribus
1547 3012 1754 3071 officiis
1783 3033 1853 3072 ac
1879 3013 2302 3072 voluntatibus.

399 3105 538 3162 Hoc
560 3105 803 3182 quidem
824 3119 913 3164 est
932 3107 1107 3164 nimis
1136 3108 1356 3185 exigue
1377 3120 1438 3166 et
1457 3108 1694 3166 exiliter
1713 3107 1786 3166 ad
1811 3109 2066 3166 calculos
2087 3127 2302 3166 vocare

400 3199 733 3268 amicitiam,
755 3212 819 3257 ut
844 3221 957 3278 par
982 3202 1058 3259 sit
1084 3203 1234 3261 ratio
1263 3216 1647 3282 acceptorum
1675 3217 1735 3262 et
1761 3204 2048 3262 datorum.
2132 3203 2304 3263 Divi-

396 3295 514 3353 tior
538 3295 680 3353 mihi
712 3308 771 3352 et
800 3295 1127 3352 affluentior
1152 3297 1388 3356 videtur
1419 3319 1552 3357 esse
1579 3319 1724 3357 vera
1759 3299 2033 3368 amicitia,
2063 3319 2175 3356 nec
2203 3299 2304 3356 ob-

398 3411 637 3450 servare
666 3391 950 3460 restricte,
971 3411 1049 3448 ne
1070 3392 1204 3469 plus
1232 3392 1463 3464 reddat,
1489 3413 1668 3471 quam
1697 3393 2014 3472 acceperit.
2079 3393 2302 3470 Neque

398 3486 559 3542 enim
586 3485 914 3543 verendum
942 3497 1051 3555 est,
1078 3505 1157 3544 ne
1184 3486 1328 3564 quid
1355 3488 1626 3558 excidat3
1673 3501 1792 3557 aut,
1819 3507 1896 3546 ne
1923 3488 2070 3566 quid
2096 3487 2157 3544 in
2187 3502 2305 3546 ter-

396 3599 527 3637 ram
554 3580 806 3652 defluat3
852 3595 971 3651 aut,
1002 3601 1077 3638 ne
1105 3582 1240 3659 plus
1274 3602 1447 3660 aequo
1473 3583 1540 3644 in.
1571 3584 1890 3642 amicitiam
1927 3597 2303 3660 congeratur.

398 3679 496 3731 59.
534 3675 773 3734 Tertius
806 3696 949 3736 vero
980 3677 1084 3735 ille
1120 3677 1252 3736 finis
1283 3678 1658 3751 deterrimae,
1692 3691 1775 3750 ut,
1805 3682 2009 3758 quanti
2044 3681 2305 3760 quisque

395 3784 465 3824 ue
490 3767 619 3843 ipse
645 3768 839 3839 faciat,
866 3771 1013 3829 tanti
1036 3772 1137 3830 fiat
1165 3773 1240 3830 ab
1269 3773 1491 3833 amicis.
1573 3776 1753 3854 Saepe
1783 3775 1944 3834 enim
1972 3777 2033 3834 in
2061 3777 2304 3853 quibus-
