2492 4392
572 367 717 408 srva
752 367 839 407 nt
880 367 1425 410 Amorum—cu.
1451 369 1606 420 ιιι,
1631 369 1738 411 xv.
2041 359 2124 416 m

204 499 409 576 Atque
436 495 593 554 haud
636 497 789 566 scin,
824 517 905 554 an
944 517 1023 554 ne
1062 519 1215 576 opus
1255 499 1332 556 sit
1373 499 1630 576 quidem,
1663 499 1812 557 nihil
1853 521 2122 579 unquam

206 594 441 650 omnino
460 592 671 650 deesse
696 591 926 650 amicis.
1007 592 1131 650 Ubi
1152 593 1316 651 em‘m
1337 595 1533 652 studia
1551 607 1754 652 nostra
1775 596 2118 672 viguissent,

204 688 253 744 si
274 708 573 764 nunquam
602 687 875 754 consilio,
896 707 1203 764 nunquam
1232 708 1416 765 opera
1443 701 1664 756 nostra,
1685 709 1798 748 nec
1819 690 1984 748 domi
2007 711 2120 750 nec

202 783 433 840 milritiae
475 782 681 859 Scipio
724 782 1037 859 eguisset?
1092 802 1213 840 non
1251 783 1437 860 igitur
1473 783 1790 842 utilitatem
1837 785 2116 854 amicitia,

200 877 312 934 sed
346 877 565 934 utilitas
592 875 919 933 amicitiam
946 889 1272 935 consecuta
1297 889 1404 934 est.
1449 854 1522 948 ἵ

282 1067 427 1124 XV.
474 1071 572 1124 52.
615 1066 761 1124 Non
802 1087 949 1143 ergo
990 1079 1165 1124 erunt
1194 1067 1468 1125 homines
1507 1067 1740 1126 deliciis
1779 1067 2115 1128 diffluentes

204 1159 506 1229 audiendi,
530 1160 581 1217 si
604 1160 845 1236 quando
864 1161 943 1218 de
966 1160 1241 1228 amicitia,
1263 1181 1442 1236 quam
1467 1181 1582 1219 nec
1609 1183 1724 1220 usu
1749 1183 1862 1220 nec
1889 1165 2114 1222 ratione

201 1254 428 1312 habent
460 1255 779 1332 cognitam,
810 1254 1214 1332 disputabunt.
1297 1255 1456 1313 Nam
1491 1257 1624 1332 quis
1657 1271 1768 1325 est,
1797 1277 1904 1334 pro
1936 1259 2116 1317 deum
2161 1279 2172 1288 ·

204 1349 386 1406 fldem
421 1363 601 1426 atque
636 1349 975 1408 hominum!
1022 1351 1125 1426 qui
1152 1350 1314 1416 velit,
1341 1363 1408 1407 ut
1439 1370 1638 1426 neque
1673 1350 1884 1428 diligat
1909 1372 2116 1430 quem·

204 1464 404 1520 quam,
439 1465 555 1502 nec
596 1445 731 1523 ipse
772 1445 851 1502 ab
890 1446 1013 1502 ullo
1052 1443 1356 1522 diligatur,
1389 1445 1800 1504 circumfluere
1839 1448 2114 1506 omnibus

204 1539 411 1616 copiis,
437 1551 615 1615 atque
636 1539 697 1596 in
726 1539 993 1597 omnium
1022 1559 1225 1596 rerum
1253 1539 1617 1598 abundantia
1641 1541 1882 1600 vivere?
1959 1543 2114 1602 Haec

202 1646 290 1691 est
325 1633 493 1692 enim
538 1648 925 1710 tyrannorum
969 1634 1107 1702 vita,
1146 1634 1209 1691 in
1253 1653 1370 1710 qua
1411 1635 1690 1694 nimirum
1733 1637 1898 1694 nulla
1941 1637 2112 1706 fides,

200 1729 364 1785 nulla
392 1728 633 1798 caritas,
658 1729 823 1786 nulla
855 1729 1087 1786 stabilis
1114 1729 1550 1788 benevolentioe
1579 1744 1772 1808 potest
1805 1752 1936 1788 esse
1965 1732 2114 1789 fidu-

202 1823 325 1892 cia3
370 1823 575 1881 omnia
602 1843 842 1901 semper
874 1837 1151 1902 suspecta
1184 1837 1364 1901 atque
1395 1825 1680 1894 sollicita3
1723 1827 1924 1882 nullus
1951 1827 2114 1882 locus

202 1919 499 1977 amicitiae.
581 1924 676 1976 53.
712 1917 869 1989 Quis
898 1919 1055 1976 enim
1084 1932 1189 1976 aut
1216 1939 1356 1976 eum
1384 1919 1612 1995 diligat,
1641 1939 1820 1994 quem
1849 1931 2112 1987 metuat3

201 2028 301 2072 aut
328 2035 491 2082 eum,
515 2034 551 2072 a
580 2034 699 2091 quo
726 2033 791 2071 se
818 2014 1003 2072 metui
1023 2015 1237 2092 putet'l
1321 2013 1624 2071 Coluntur
1649 2025 1850 2069 tamen
1879 2013 2114 2070 simula-

201 2109 363 2168 tione
384 2109 676 2168 duntaxat
697 2108 772 2166 ad
794 2121 1047 2187 tempus.
1108 2107 1298 2180 Quod
1319 2107 1370 2166 si
1385 2107 1558 2174 forte,
1574 2119 1641 2164 ut
1657 2106 1723 2164 fit
1744 2106 2113 2184 plerumque,

201 2204 562 2273 ceciderint3
606 2217 733 2261 tum
774 2203 1140 2281 intelligitur,
1177 2223 1356 2280 quam
1389 2201 1612 2260 fuerint
1651 2201 1862 2279 inopes
1903 2201 2115 2258 amico-

200 2321 350 2358 rum.
435 2299 621 2370 Quod
655 2299 1047 2377 Tarquinium
1079 2297 1302 2356 dixisse
1335 2298 1553 2367 ferunt,
1579 2311 1708 2355 tum
1742 2298 2114 2354 exsulantem

202 2415 267 2454 se
301 2394 687 2463 intellexisse,
717 2415 864 2471 quos
896 2394 1045 2452 fidos
1087 2394 1310 2452 amicos
1349 2392 1671 2461 habuisset,
1699 2412 1846 2470 quos
1879 2392 2112 2460 infidos,

204 2511 341 2550 cum
360 2491 495 2570 jam
524 2490 745 2547 neutris
773 2489 1024 2567 gratiam
1052 2489 1276 2548 referre
1299 2501 1514 2567 posset.
1595 2493 1690 2547 54.
1725 2489 2112 2564 Quamquam

206 2587 409 2655 miror,
432 2585 537 2643 illa
560 2584 844 2663 superbia
870 2597 931 2642 et
950 2584 1412 2662 importunitate,
1436 2582 1485 2642 si
1507 2603 1868 2661 quemquam
1891 2584 2112 2640 habere

206 2681 415 2762 potuit.
496 2681 719 2755 Atque,
746 2691 817 2737 ut
840 2679 1035 2757 hujus,
1062 2698 1241 2756 quem
1275 2677 1418 2746 dixi,
1445 2698 1642 2737 mores
1676 2697 1850 2735 veros
1891 2676 2116 2734 amicos

208 2795 421 2854 parare
458 2795 579 2832 non
614 2781 953 2851 potuerunt,
983 2774 1069 2831 sic
1109 2775 1425 2832 multorum
1467 2793 1616 2851 opes
1655 2773 2113 2850 praepotentium

212 2869 539 2929 excludunt
560 2869 849 2926 amicitias
864 2869 1091 2926 fideles.
1151 2868 1213 2927 N
1217 2889 1293 2926 on
1315 2869 1474 2927 enim
1496 2870 1688 2926 solum
1705 2867 1836 2944 ipsa
1851 2867 2115 2924 Fortuna

216 2986 370 3024 caeca
417 2977 526 3034 est,
566 2964 675 3023 sed
717 2985 823 3022 eos
872 2964 1049 3020 etiam
1095 2965 1450 3042 plerumque
1497 2962 1678 3029 efficit
1724 2981 1933 3030 caecos,
1966 2983 2114 3037 quos

216 3061 528 3139 complexa
568 3072 675 3118 est.
772 3058 981 3134 Itaque
1020 3059 1344 3116 efferuntur
1375 3057 1772 3117 fere'fastidio
1813 3069 1875 3114 et
1913 3071 2114 3114 contu-

217 3156 425 3214 macia:
464 3175 663 3232 neque
682 3153 1008 3231 quidquam
1030 3154 1346 3233 insipiente
1367 3154 1662 3211 fortunato
1683 3152 2114 3209 intolerabilius

217 3252 337 3310 fieri
356 3263 573 3331 potest.
644 3252 847 3327 Atque
868 3251 981 3307 hoc
1000 3248 1245 3326 quidem
1266 3248 1468 3306 videre
1490 3247 1648 3313 licet,
1671 3265 1790 3312 eos,
1815 3245 1916 3320 qui
1941 3257 2116 3300 antea

218 3347 531 3406 commodis
574 3345 819 3404 fuerunt
858 3345 1140 3411 moribus,
1171 3342 1448 3420 imperit),
1477 3351 1792 3418 potestate,
1819 3337 2115 3413 prosperis

216 3444 381 3501 rebus
414 3440 740 3508 immutari,
770 3440 971 3518 sperni
1006 3440 1081 3497 ab
1109 3438 1181 3494 iis
1213 3450 1448 3495 veteres
1483 3432 1789 3497 amicitias,
1819 3427 2117 3504 indulgeri

216 3541 385 3599 novis.
489 3543 589 3596 55.
634 3535 801 3608 Quid
848 3548 1043 3594 autem
1089 3532 1344 3598 stultius,
1381 3547 1578 3607 quam,
1613 3544 1748 3584 cum
1792 3523 2114 3601 plurimum

216 3636 406 3716 copiis,
448 3630 859 3699 facultatibus,
902 3629 1117 3707 opibus
1169 3623 1416 3704 possint,
1459 3632 1658 3680 cetera
1709 3631 1940 3696 parare,
1982 3639 2116 3695 quae

212 3744 485 3812 parantur
518 3725 804 3806 pecunia,
832 3743 1035 3801 equos,
1064 3720 1336 3786 famulos,
1363 3727 1594 3775 vestem
1625 3712 1948 3792 egregiam,
1977 3733 2120 3772 vasa
