2492 4392
307 339 331 427 ι’
368 337 451 398 58
908 353 975 394 11.
1008 353 1067 396 τ.
1102 352 1430 395 ciceaosrs
1455 351 1728 403 mamus,

368 484 591 542 debent
622 503 771 552 esso,
800 483 953 541 sicut
986 483 1233 542 aliarum
1275 503 1494 551 rerum,
1525 482 1844 542 satietates.
1926 481 2286 540 Veteri-ima

368 600 642 656 quaeque,
678 590 743 635 ut
780 598 855 636 ea
886 578 1043 648 vina,
1078 599 1211 656 quae
1245 591 1601 642 vetustatem
1635 577 1850 646 ferunt,
1885 597 2018 634 esse
2053 575 2284 634 debent

366 672 746 732 suavissima:
790 693 1117 749 verumque
1146 673 1292 730 illud
1323 685 1427 742 est,
1451 671 1616 748 quod
1643 671 1875 739 dicitur,
1907 671 2124 728 multos
2155 689 2281 734 mo-

367 769 498 826 dios
524 768 663 826 salis
684 768 859 826 simul
880 768 1145 826 edendos
1174 788 1324 837 esse,
1343 779 1408 825 ut
1429 767 1698 824 amicitiae
1721 787 1938 824 munus
1961 766 2280 843 expletum

366 863 457 922 sit.
538 867 635 920 68.
672 863 985 920 Novitates
1020 876 1239 932 autem,
1269 863 1320 920 si
1353 882 1523 940 spem
1565 861 1832 929 afferunt,
1859 873 1943 929 ut,
1971 873 2282 936 tamquam

366 958 425 1014 in
456 959 655 1016 herbis
696 979 813 1016 non
848 958 1181 1028 fallacibu3‚
1213 958 1442 1016 fructus
1484 967 1789 1034 appareat,
1823 975 1944 1012 non
1981 969 2124 1012 sunt
2155 955 2278 1012 illae

366 1053 611 1130 quidem
655 1053 1079 1132 repudiandae3
1138 1067 1400 1112 vetustas
1447 1066 1646 1110 tamen
1697 1072 1806 1110 suo
1847 1053 1984 1109 loco
2036 1071 2278 1109 conser-

366 1148 591 1206 vanda:
636 1150 899 1207 maxima
932 1163 1023 1207 est
1054 1149 1213 1208 enim
1246 1149 1336 1206 vis
1369 1148 1679 1205 vetustatis
1712 1159 1776 1204 et
1805 1145 2279 1204 consuetudinis.

368 1243 532 1314 Quin
560 1244 689 1321 ipso
722 1265 897 1322 equo,
926 1246 1096 1322 cujus
1128 1243 1312 1301 modo
1347 1243 1714 1301 mentionem
1742 1241 1872 1310 feci,
1901 1242 1950 1298 si
1978 1242 2146 1298 nulla
2177 1261 2282 1298 res

366 1337 669 1416 impediat,
699 1359 879 1397 nemo
918 1353 1025 1408 est,
1056 1339 1158 1417 qni
1190 1359 1312 1396 non
1353 1359 1446 1408 eo,
1477 1358 1600 1415 quo
1639 1337 1962 1405 consuevit,
1991 1337 2281 1394 libentius

366 1447 585 1503 utatur,
606 1455 782 1511 quam
808 1435 1123 1492 intractato
1148 1448 1209 1492 et
1236 1454 1425 1494 novo:
1467 1454 1578 1493 nec
1603 1454 1748 1492 vero
1773 1433 1836 1490 in
1855 1434 1986 1502 hoc,
2006 1431 2166 1509 quod
2188 1445 2283 1490 est

368 1529 599 1597 animal,
632 1528 739 1586 sed
776 1529 835 1586 in
877 1529 948 1587 iis
990 1530 1187 1598 etiam,
1216 1551 1350 1606 quae
1399 1541 1537 1587 sunt
1577 1529 1854 1596 inanima,
1901 1527 2281 1585 consuetudo

367 1625 563 1682 valet:
608 1645 747 1682 cum
774 1625 921 1682 locis
948 1625 1126 1682 etiam
1154 1625 1296 1702 ipsis
1319 1624 1707 1692 delectemur,
1735 1623 2064 1681 montuosis
2093 1622 2282 1680 etiam

368 1732 433 1776 et
472 1719 857 1790 silvestribus,
885 1719 945 1776 in
980 1720 1195 1796 quibus
1229 1719 1450 1776 diutius
1484 1718 1833 1777 commorati
1869 1738 2093 1776 sumus.
2175 1722 2278 1774 69.

370 1814 495 1873 Sed
525 1816 849 1874 maximum
878 1828 971 1874 est
998 1815 1061 1872 in
1090 1814 1372 1884 amicitia,
1395 1815 1766 1893 superiorem
1794 1834 2000 1892 parem
2029 1833 2160 1871 esse
2191 1813 2278 1870 in-

368 1911 609 1969 feriori:
650 1932 811 1990 saepe
844 1911 1002 1970 enim
1032 1911 1404 1968 excellentiae
1433 1922 1706 1986 quaeu'am
1733 1922 1887 1979 sunt,
1916 1909 2108 1987 qualis
2143 1921 2280 1966 erat

370 2007 671 2086 Scipionis
690 2007 751 2064 in
778 2020 993 2076 nostro,
1016 2019 1081 2064 ut
1102 2006 1183 2064 ita
1202 2005 1419 2075 dicam,
1441 2025 1646 2082 grege.
1729 2004 2058 2082 Nunquam
2085 2004 2278 2061 seille

370 2101 563 2172 Philo,
604 2123 906 2179 nunquam
940 2101 1206 2180 Rupilio,
1248 2121 1549 2177 nunquam
1582 2100 1876 2158 Mummio
1917 2099 2278 2178 anteposuit,

368 2217 670 2276 nunquam
717 2197 1011 2256 inferioris
1062 2196 1286 2254 ordinis
1334 2195 1556 2254 amicis,
1657 2196 1739 2267 Q.
1768 2215 1907 2253 vero
1941 2195 2276 2254 Maximum

370 2293 631 2362 fratrem,
654 2293 969 2370 egregium
996 2291 1189 2349 virum
1216 2292 1476 2361 omnine,
1503 2291 1616 2350 sibi
1644 2311 2017 2369 nequaquam
2045 2311 2275 2370 parem,

371 2387 528 2464 quod
564 2388 613 2445 is
646 2388 905 2446 anteibat
936 2401 1130 2458 aetate,
1160 2402 1457 2465 tamquam
1492 2384 1864 2468 superiorem
1897 2391 2144 2460 colebat,
2179 2410 2277 2447 su-

368 2502 555 2559 osque
598 2501 802 2540 omnes
840 2503 951 2559 per
988 2503 1052 2540 se
1096 2504 1227 2542 esse
1269 2484 1586 2562 ampliores
1618 2486 1868 2544 volebat.
1950 2490 2045 2543 70.
2088 2485 2274 2556 Quod

368 2576 705 2635 faciendum
724 2575 1187 2656 imitandumque
1206 2592 1304 2647 est,
1317 2579 1604 2647 omnibus,
1623 2591 1706 2648 ut,
1725 2579 1776 2637 si
1795 2601 1971 2657 quam
1990 2593 2274 2658 praestan-

368 2671 517 2728 tiam
550 2670 795 2739 virtutis,
828 2671 1075 2748 ingenii,
1102 2673 1354 2732 fortuna}
1396 2675 1698 2732 consecuti
1739 2688 1893 2744 sunt,
1927 2675 2276 2753 impertiant

368 2787 443 2825 ea
469 2767 608 2836 suis,
630 2767 1181 2845 communicentque
1210 2789 1348 2826 cum
1378 2769 1702 2847 proximis3
1739 2783 1821 2838 ut,
1844 2771 1894 2827 si
1922 2770 2274 2848 parentibus

368 2861 489 2918 nati
534 2860 649 2918 sint
689 2861 1029 2931 humilibu5‚
1064 2862 1114 2919 si
1156 2862 1520 2940 propinquos
1559 2864 1813 2922 habeant
1851 2864 2272 2923 imbecilliores

367 2956 462 3014 vel
491 2955 705 3026 anime,
728 2957 823 3014 vel
844 2957 1097 3026 fortuna,
1120 2977 1329 3016 eorum
1359 2971 1614 3035 augeant
1641 2979 1806 3036 opes,
1835 2959 2040 3036 eisque
2061 2960 2272 3018 honori

367 3051 484 3109 sint
528 3063 588 3107 et
629 3050 937 3128 dignitati:
992 3064 1059 3109 ut
1098 3052 1161 3108 in
1204 3052 1439 3120 fabulis,
1475 3053 1576 3129 qui
1621 3054 1987 3130 aliquamdiu
2031 3067 2273 3132 propter

366 3146 797 3224 ignorationem
837 3146 1036 3224 stirpis
1076 3160 1139 3204 et
1178 3148 1414 3224 generis
1449 3148 1507 3204 in
1539 3148 1828 3206 famulatu
1860 3148 2098 3218 fuerint,
2135 3170 2270 3208 cum

366 3242 588 3320 cogniti
609 3255 760 3310 sunt,
778 3254 839 3300 et
868 3255 967 3300 aut
984 3241 1252 3311 deorum,
1271 3255 1373 3300 aut
1391 3263 1602 3320 regum
1625 3244 1733 3300 filii
1751 3243 1994 3313 inventi,
2012 3244 2270 3302 retinent

366 3350 566 3395 tamen
612 3337 921 3395 caritatem
964 3336 1025 3393 in
1072 3350 1356 3414 pastoreS,
1383 3357 1531 3413 quos
1576 3352 1776 3416 patres
1824 3340 2040 3397 multos
2085 3359 2272 3398 annos

366 3453 499 3490 esse
522 3433 836 3490 duxerunt.
919 3431 1104 3502 Quod
1128 3433 1314 3488 multo
1335 3432 1602 3510 profecto
1624 3433 1812 3510 magis
1834 3433 1894 3490 in
1914 3435 2072 3492 veris
2093 3436 2270 3512 patri-

366 3527 478 3584 bus
500 3527 791 3604 certisque
809 3525 1160 3584 faciendum.
1234 3527 1494 3584 Fructus
1517 3527 1674 3584 enim
1693 3527 1920 3606 ingenii
1941 3543 2004 3587 et
2019 3531 2273 3602 virtutis,

368 3622 672 3697 omnisque
694 3621 1065 3698 praestantiae,
1088 3634 1213 3678 tum
1238 3621 1532 3680 maximus
1555 3622 1808 3700 capitur,
1835 3644 1969 3681 cum
1995 3624 2054 3681 in
2078 3627 2276 3704 proxi-

368 3733 533 3772 mum
564 3735 859 3790 quemque
890 3715 1200 3773 confertur.
