2492 4392
355 329 434 390 10
809 340 878 382 u.
911 341 972 382 r.
1005 336 1331 382 cremans
1370 336 1539 378 caro
1574 333 1805 384 nuos.

351 474 436 536 Et
463 475 650 532 multa
669 472 931 539 fortasse,
955 491 1090 547 quae
1109 471 1235 527 vult
1256 491 1289 527 2-
1314 480 1489 544 atque
1515 467 1577 524 in
1606 483 1681 526 ea
1699 465 1961 543 quidem,
1978 483 2114 541 quae
2142 481 2281 520 non

353 572 496 637 vult,
527 589 688 646 saepe
731 567 910 626 etiam
951 564 1353 625 adolescentia
1384 563 1649 621 incurrit.
1730 560 1890 618 Illud
1924 580 2069 618 vero
2100 559 2277 617 idem

355 663 638 723 Caecilius
665 663 965 722 vitiosius:

527 759 675 818 Tum
703 758 962 834 equidem
988 759 1052 816 in
1079 765 1299 814 senecta
1324 756 1431 814 hoc
1456 754 1667 830 deputo
1690 753 2093 821 miserrimum,

518 854 746 912 Satin
772 873 838 910 ea
869 863 1034 910 catate
1051 871 1172 908 csse
1198 871 1257 908 se
1280 850 1539 908 odiosum
1566 849 1757 906 alteri.

355 955 448 1008 26.
477 949 518 1008 J
521 948 826 1008 ucundum
843 947 1060 1026 potina,
1077 967 1253 1023 quam
1272 945 1573 1004 odiosum!
1640 944 1727 1002 Ut
1745 943 1904 1001 enim
1922 940 2271 1000 adolescen-

355 1048 533 1116 tibus,
563 1047 720 1104 bona
760 1043 961 1102 indole
1004 1042 1291 1122 praeditis,
1322 1041 1618 1120 sapientes
1657 1059 1831 1097 senes
1872 1035 2271 1106 delectantur,

354 1144 666 1224 leviorque
700 1142 768 1200 fit
799 1161 1008 1200 eorum
1039 1152 1329 1207 senectus,
1356 1138 1459 1217 qui
1488 1158 1525 1196 a
1546 1137 1859 1216 juventute
1895 1136 2171 1193 coluntur
2204 1147 2273 1192 et

355 1237 714 1315 diliguntur:
777 1237 861 1295 sic
905 1236 1315 1294 adolescentes
1360 1255 1571 1292 senum
1614 1231 1931 1312 praeceptis
1978 1230 2269 1310 gaudent,

321 1341 326 1348 '
357 1335 572 1412 quibus
595 1329 674 1392 ad
691 1335 975 1392 virtutum
1003 1330 1202 1389 studia
1221 1331 1537 1388 ducuntur.
1604 1329 1739 1386 Nec
1761 1328 1955 1387 minus
1976 1327 2269 1405 intellige,

337 1451 458 1487 nie
493 1429 680 1498 vobis,
705 1449 886 1506 quam
922 1427 1064 1486 mihi
1090 1447 1197 1484 vos
1233 1446 1363 1484 esse
1386 1424 1703 1503 jucundos.
1784 1424 1911 1482 Sed
1936 1422 2170 1492 videtis,
2200 1435 2271 1480 ut

357 1538 634 1584 senectus
672 1545 792 1582 non
837 1523 1018 1581 modo
1049 1521 1335 1600 languida
1366 1536 1543 1598 atque
1577 1521 1735 1578 iners
1774 1541 1897 1578 non
1936 1519 2029 1588 sit,
2057 1539 2269 1578 verum

357 1621 540 1679 etiam
581 1621 658 1679 sit
699 1639 950 1698 operosa
989 1631 1051 1677 et
1089 1639 1331 1697 semper
1372 1601 1549 1695 agens
1592 1616 1834 1694 aliquid,
1870 1628 1933 1674 et
1971 1617 2267 1685 moliens;

357 1718 476 1776 tale
503 1716 752 1784 scilicet,
771 1717 946 1792 quale
975 1715 1263 1792 cujusque
1290 1713 1549 1772 studium
1578 1715 1639 1771 in
1670 1713 1977 1791 superiore
1995 1713 2119 1770 vita
2136 1712 2267 1770 fuit.

357 1811 550 1882 Quid,
597 1809 702 1887 qui
747 1811 930 1870 etiam
957 1811 1271 1870 addiscunt
1296 1810 1562 1888 aliquid?
1604 1824 1671 1869 ut
1694 1811 1979 1870 Solonem
1996 1811 2269 1870 versibus

357 1907 718 1984 gloriantem
750 1907 1038 1978 videmus,
1065 1907 1170 1985 qui
1203 1928 1271 1966 se
1296 1906 1567 1986 quotidie
1598 1907 1825 1984 aliquid
1858 1907 2269 1965 addiscentem

355 2003 504 2062 dicit
544 2025 751 2062 senem
793 2004 960 2075 fieri3
1002 2017 1070 2063 ut
1105 2023 1226 2082 ego
1256 2004 1393 2074 feci,
1422 2004 1525 2082 qui
1560 2005 1805 2062 Graecss
1836 2003 2037 2062 literas
2076 2023 2267 2062 senex

357 2098 575 2158 didiciz
627 2120 776 2177 quas
811 2099 1054 2177 quidem
1095 2099 1182 2160 sic
1226 2100 1400 2159 avide
1440 2100 1683 2179 arripui,
1722 2100 1893 2178 quasi
1926 2099 2265 2160 diuturnam

356 2193 514 2252 sitim
544 2196 796 2272 explere
823 2196 1092 2273 cupiens,
1123 2209 1187 2253 ut
1213 2215 1289 2254 ea
1315 2196 1443 2274 ipsa
1469 2195 1613 2254 mihi
1640 2209 1781 2253 nota
1814 2208 2026 2262 essent,
2048 2195 2269 2271 quibus

356 2309 456 2346 me
471 2309 630 2348 nunc
646 2290 940 2366 exemplis
959 2290 1045 2348 uti
1063 2290 1293 2348 videtis.
1361 2290 1548 2361 Quod
1568 2285 1705 2348 cuin
1723 2290 1935 2348 fecisse
1953 2291 2263 2348 Socratem

356 2383 416 2440 in
437 2384 652 2442 fidibus
683 2383 971 2452 audirem,
994 2386 1208 2443 vellem
1237 2384 1519 2461 equidem
1548 2383 1732 2442 etiam
1761 2385 1909 2442 illud
1932 2385 2265 2462 (discebant

357 2477 515 2534 enim
547 2477 764 2536 fidibus
793 2477 1044 2555 antiqui)
1067 2502 1082 2536 z
1125 2479 1232 2536 sed
1260 2479 1321 2536 in
1349 2478 1535 2536 literis
1564 2493 1725 2538 certe
1756 2481 2072 2540 elaboravi.

435 2668 549 2725 IX.
591 2673 688 2726 27.
724 2667 860 2725 Nec
893 2689 1049 2727 nunc
1087 2669 1331 2747 quidem
1364 2671 1517 2728 vires
1552 2671 1831 2730 desidero
1872 2669 2263 2730 adolescentis

358 2763 434 2839 (is
477 2763 633 2852 enirn
677 2776 806 2824 erat
838 2765 1010 2823 locus
1051 2767 1205 2827 alter
1235 2767 1315 2825 de
1352 2764 1507 2825 vitiis
1546 2768 1911 2842 senectutis),
1946 2787 2068 2826 non
2108 2767 2261 2844 plus,

355 2879 534 2936 qmm
563 2858 903 2918 adolescens
931 2861 1104 2930 tauri,
1125 2875 1228 2920 aut
1247 2863 1549 2940 elephanti
1568 2863 2001 2922 desiderabam.
2076 2861 2261 2934 Quod

355 2968 461 3023 est,
505 2975 582 3014 eo
625 2956 804 3016 decet
846 2957 952 3027 uti,
987 2971 1066 3026 et,
1101 2957 1391 3036 quidquid
1434 2981 1588 3037 agas,
1628 2981 1813 3038 agere
1858 2980 1969 3038 pro
2016 2959 2259 3018 viribus,

355 3051 516 3122 Quae
545 3052 702 3110 enim
732 3073 846 3110 vox
873 3067 1064 3131 potest
1092 3075 1224 3116 esse
1252 3055 1616 3124 contemtior,
1645 3073 1821 3132 quam
1848 3053 2087 3114 Milonis
2110 3056 2257 3114 Cro·

354 3147 590 3204 toniatae
613 3149 635 3205 ‘l
681 3149 799 3226 qui,
824 3170 961 3210 cum
985 3149 1110 3227 jam
1137 3155 1327 3208 senex
1356 3165 1525 3217 esset,
1550 3151 1917 3226 athletasque
1944 3171 2008 3207 se
2037 3151 2097 3206 in
2124 3172 2257 3208 cur-

352 3244 538 3301 riculo
565 3258 910 3302 exercentes
937 3245 1181 3314 videret,
1203 3247 1551 3324 adspexisse
1578 3245 1829 3302 lacertos
1857 3264 1994 3302 suos
2017 3245 2256 3317 dicitur,

351 3339 834 3418 illacrimansque
887 3339 1129 3411 dixisse,
1192 3343 1277 3399 At
1314 3343 1379 3398 hi
1416 3340 1646 3416 quidem
1691 3337 1903 3396 mortui
1926 3340 2065 3416 jam
2108 3354 2255 3400 sunt.

354 3436 494 3515 Non
529 3457 672 3494 vero
707 3450 827 3495 tam
853 3436 971 3506 isti,
1000 3457 1178 3514 quam
1210 3450 1277 3494 tu
1306 3437 1431 3514 ipse
1465 3436 1749 3512 nugator!
1838 3433 2057 3512 Neque
2092 3437 2257 3495 enim

352 3548 429 3588 ex
465 3543 523 3589 te
559 3551 818 3610 unquam
853 3553 920 3590 es
953 3532 1319 3600 nobilitatus,
1354 3529 1457 3591 sed
1492 3549 1570 3588 ex
1603 3530 1889 3590 lateribus
1924 3543 1985 3588 et
2017 3532 2255 3590 lacertis

350 3626 484 3684 tuis.
567 3627 738 3686 Nihil
773 3628 916 3686 Sex.
937 3628 1136 3686 AElius
1179 3629 1317 3696 tale,
1351 3627 1497 3684 nihil
1536 3627 1737 3686 multis
1776 3627 1944 3684 annis
1970 3639 2121 3685 ‘ante
2159 3627 2253 3686 Ti.

351 3721 780 3794 Coruncanius,
804 3724 952 3782 nihil
979 3722 1158 3784 modo
1181 3724 1255 3782 P.
1272 3723 1540 3794 Crassus,
1562 3744 1600 3782 a
1626 3723 1841 3800 quibus
1856 3723 1999 3802 jura
2024 3723 2252 3783 civibus

1514 3955 1543 3982 Q
