2492 4392
542 404 686 445 nvn
723 404 802 444 na
839 404 1447 447 tencrone—car.
1475 384 1637 457 xm&
1656 407 1787 449 xrv.
2038 392 2115 448 17

221 533 388 592 facile
429 534 774 592 obsistimus
809 533 1030 611 (divine
1071 535 1228 593 enim
1266 534 1441 592 Plato
1473 556 1655 594 escam
1688 537 1971 594 malorum
2014 558 2113 614 ap·
2272 592 2276 600 ,

218 631 400 706 pellat
441 632 828 709 voluptatem,
855 630 1012 706 quod
1055 649 1130 688 ea
1167 630 1449 689 videlicet
1478 632 1745 689 homines
1787 632 2111 709 capiantur,

219 736 281 780 ut
321 723 496 781 hamo
551 724 793 803 pisces),
839 726 1194 803 quamquam
1247 724 1651 783 immoderatis
1704 726 1899 803 epulis
1951 739 2113 783 caret
2325 627 2391 827 s

219 804 509 887 senectuS,
547 818 800 876 modicis
847 832 1038 877 tamen
1089 819 1369 876 conviviis
1416 832 1628 896 potest.
1656 820 1959 878 delectari.
2038 820 2109 877 C.

220 912 514 984 Duilium,
563 914 650 971 M.
680 914 880 982 filium,
910 914 1012 992 qui
1039 914 1267 973 Poenos
1307 916 1491 972 classe
1525 915 1753 993 primus
1792 915 2109 984 devicerat,

217 1006 566 1065 redeuntem
604 1028 638 1066 a
671 1028 839 1065 coena
877 1028 1081 1066 senem
1121 1028 1287 1086 saepe
1319 1008 1593 1067 videbam
1628 1030 1809 1087 puer3
1854 1009 2109 1068 delecta-

217 1100 384 1159 batur
431 1104 647 1161 crebro
683 1102 889 1171 funali,
909 1116 968 1161 et
1009 1103 1267 1172 tibicine,
1297 1124 1431 1181 quae
1475 1104 1587 1161 sibi
1626 1104 1789 1161 nullo
1832 1106 2109 1181 exemplo

217 1196 472 1271 privatus
493 1210 816 1256 sumserat:
853 1210 1080 1255 tantum
1096 1198 1349 1256 licentiae
1366 1198 1544 1256 dabat
1567 1198 1783 1277 gloria!
1856 1204 1949 1257 45.
1984 1199 2108 1257 Sed

217 1289 353 1366 quid
376 1312 491 1369 ego
515 1292 700 1350 aliosi
735 1292 812 1349 ad
833 1293 1124 1369 meipsum
1143 1293 1273 1370 jam
1294 1306 1571 1351 revertar.
1640 1293 1909 1360 Primum
1931 1293 2109 1351 habui

217 1403 447 1463 semper
461 1386 717 1444 sodales.
779 1386 1132 1445 Sodalitates
1153 1398 1346 1443 autem
1366 1406 1461 1444 me
1478 1402 1762 1463 quaestore
1782 1388 2107 1445 constitutae

217 1492 361 1548 sunt,
383 1482 570 1538 sacris
589 1480 765 1538 Idaeis
784 1481 1018 1558 Magnae
1040 1480 1246 1539 Matris
1266 1482 1535 1559 acceptis·
1609 1484 1665 1541 Ε
1668 1483 1914 1559 pulabar
1930 1482 2109 1557 igitur

218 1594 350 1632 cum
395 1575 706 1633 sodalibus
749 1576 988 1634 omnino
1029 1575 1281 1644 modice,
1310 1575 1416 1633 sed
1460 1588 1587 1634 erat
1628 1576 1871 1653 quidam
1910 1578 2109 1634 fervor
2243 1586 2259 1612 ⁸

215 1669 432 1729 aetatis:
491 1690 614 1747 qua
661 1670 1096 1748 progrediente,
1143 1670 1337 1728 omnia
1384 1671 1525 1727 fient
1568 1671 1627 1727 in
1675 1671 1803 1729 dies
1859 1672 2107 1731 mitiora.

219 1763 432 1842 Neque
461 1766 626 1823 enim
649 1764 912 1843 ipsorum
941 1764 1340 1822 conviviorum
1360 1764 1809 1823 delectationem
1840 1767 2103 1840 volupta-

217 1860 366 1918 tibus
393 1862 665 1939 corporis
691 1860 898 1938 magia,
927 1880 1100 1937 quam
1129 1873 1283 1917 coetu
1310 1860 1627 1917 amicorum
1655 1873 1715 1917 et
1740 1860 2107 1916 sermonibus

217 1956 519 2013 metiebar.
605 1956 774 2013 Bene
806 1954 964 2013 enim
995 1955 1253 2032 majores
1287 1954 1467 2011 nostri
1497 1953 1927 2010 accubitionem
1962 1971 2107 2029 epu-

217 2049 394 2107 larem
429 2050 775 2117 amioorum‚
805 2049 945 2127 quia
969 2049 1104 2107 vitae
1133 2048 1602 2126 conjunctionem
1627 2047 1893 2114 haberet,
1920 2047 2105 2103 convi-

217 2143 368 2203 vium
394 2144 807 2203 nominarunt:
850 2142 1076 2212 melius,
1101 2164 1279 2221 quam
1300 2141 1516 2210 Graeci,
1540 2141 1640 2218 qui
1662 2141 1771 2197 boc
1793 2140 1950 2197 idem
1979 2153 2106 2197 tum

219 2240 731 2316 compotationem,
761 2253 886 2296 tum
921 2232 1427 2296 concoenationem
1460 2249 1701 2295 vocant:
1744 2247 1828 2303 ut,
1858 2234 2017 2312 quod
2046 2233 2105 2291 in

219 2352 292 2390 eo
318 2354 541 2411 genere
571 2333 878 2391 minimum
907 2345 1016 2401 est,
1043 2332 1107 2389 id
1137 2332 1397 2390 maxime
1424 2331 1679 2410 probare
1702 2330 2025 2389 videantur.

292 2524 466 2583 XIV.
525 2529 619 2583 46.
661 2524 800 2602 Ego
845 2543 986 2581 vero
1030 2536 1275 2601 propter
1318 2522 1605 2581 sermonis
1652 2522 2105 2581 delectationem

219 2619 580 2697 tempestivis
603 2638 844 2697 quoque
871 2619 1150 2677 convivii·
1171 2617 1454 2686 delector,
1476 2638 1587 2675 nec
1613 2638 1751 2675 cum
1776 2618 2105 2694 aequalibus

217 2714 424 2783 solum;
445 2714 548 2790 qui
570 2713 743 2791 pauci
773 2713 1091 2771 admodum
1118 2724 1355 2781 restant,
1394 2708 1503 2769 sed
1547 2731 1681 2769 cum
1708 2724 1899 2769 vestra
1926 2712 2105 2769 etiam

217 2820 400 2876 aetate,
433 2820 612 2885 atque
637 2808 980 2866 vobiscum:
1022 2807 1333 2883 habeoque
1360 2806 1650 2865 senectuti
1677 2826 1949 2883 magnam
1978 2826 2105 2883 gra-

219 2900 370 2971 tiam,
395 2922 530 2981 quae
559 2902 702 2959 mihi
733 2901 1016 2961 sermonis
1043 2900 1381 2959 aviditatem
1414 2902 1593 2969 auxit,
1616 2900 1869 2978 potionis
1899 2914 1959 2957 et
1986 2899 2105 2957 cibi

217 2998 464 3055 sustulit.
543 2996 726 3067 Quod
755 2997 804 3053 si
832 3017 1012 3073 quem
1051 2996 1230 3053 etiam
1259 2996 1371 3054 ista
1398 2996 1694 3053 delectant
1727 2995 1829 3073 (ne
1870 2995 2105 3052 omnino

218 3090 438 3150 bellum
467 3092 752 3151 indixisse
779 3092 986 3151 videar
1011 3092 1311 3169 voluptati,
1342 3092 1509 3169 cujus
1537 3102 1627 3148 est
1653 3090 1831 3149 etiam
1860 3090 2107 3147 fortasse

220 3186 452 3261 quidam
479 3186 762 3245 naturalis
795 3187 1032 3262 motus),
1061 3206 1176 3245 non
1205 3187 1492 3264 intelligo,
1520 3206 1597 3243 ne
1624 3186 1681 3242 in
1711 3186 1835 3243 istis
1865 3184 2106 3262 quidem

221 3281 616 3360 voluptatibus
643 3280 803 3359 ipsis,
833 3300 1036 3339 carere
1067 3301 1242 3339 sensu
1276 3295 1659 3339 senectutem.
1746 3280 1850 3336 Me
1876 3298 2017 3335 vero
2046 3289 2109 3335 et

223 3376 562 3453 magisteria
597 3375 894 3433 delectant
935 3395 969 3433 a
1007 3376 1329 3454 majoribus
1368 3376 1669 3444 instituta3
1714 3385 1775 3431 et
1806 3373 1855 3429 is
1891 3390 2106 3440 sermo,

222 3471 316 3547 qui
359 3491 532 3529 more
579 3470 871 3548 majorum
919 3490 956 3527 a
1001 3490 1232 3529 summo
1279 3470 1591 3529 adhibetur
1630 3468 1691 3523 in
1737 3464 1967 3542 poculis
1984 3487 1997 3532 ;
2048 3476 2110 3521 et

221 3567 448 3642 pocula,
475 3564 636 3623 sicut
665 3565 728 3622 in
769 3566 1064 3642 symposio
1091 3563 1501 3641 Xenophontis
1536 3573 1642 3627 est,
1672 3559 1899 3615 minuta
1934 3569 2109 3632 atque

219 3662 502 3731 rorantiag
561 3673 626 3717 et
661 3660 1032 3737 refrigeratio
1069 3672 1291 3726 aestate‚
1332 3669 1396 3713 et
1432 3652 1689 3712 vicissim
1730 3662 1832 3707 aut
1842 3649 1974 3716 ·sol‚
2010 3662 2113 3709 aut

219 3754 364 3834 ignis
394 3756 702 3815 hibernus.
783 3754 942 3826 Quae
975 3754 1216 3831 quidem
1258 3750 1437 3811 etiam
1470 3748 1531 3806 in
1560 3744 1799 3805 Sabinis
1830 3742 2113 3821 persequi
