2492 4392
649 420 798 464 swa
834 420 914 462 nn
955 414 1491 463 Amemus-car.
1519 420 1633 475 111.,
1656 423 1743 464 ιν.
1830 474 1837 479 ‚
2074 408 2155 467 39

230 576 380 625 rere,
397 567 616 613 tamen
649 554 850 613 aufert
878 572 1010 611 eam
1037 551 1413 621 viriditatem,
1432 553 1493 611 in
1510 574 1630 631 qua
1655 554 1837 613 etiam
1864 566 2002 614 tunc
2030 568 2160 615 erat

235 650 455 729 Scipio·
546 655 652 709 12.
693 650 1106 722 Quamobrem
1146 648 1269 705 vita
1307 647 1548 725 quidem
1586 649 1722 708 talis
1753 649 1883 720 suit,
1911 652 2009 709 vel
2041 650 2158 709 for-

231 758 392 817 tuna,
415 747 524 805 vel
555 745 771 824 gloria,
793 758 860 803 ut
885 744 1030 803 nihil
1051 755 1255 823 posset
1282 743 1603 803 accederet
1638 746 1933 805 moriendi
1954 760 2161 806 autem

232 860 478 899 sensum
516 840 803 899 celeritas
837 838 1110 909 abstulit3
1153 859 1272 915 quo
1306 838 1383 897 de
1426 859 1649 918 genere
1684 842 1883 899 mortis
1918 841 2161 902 difficile

231 935 398 995 dictu
428 948 568 1006 est3
617 935 760 1013 quid
783 936 1056 993 homines
1084 933 1475 1012 suspicentur,
1492 934 1721 993 videtis.
1801 936 1941 995 Hoc
1966 951 2161 997 tamen

230 1050 372 1090 vere
394 1032 550 1090 licet
573 1030 798 1101 dicere,
817 1031 891 1089 Ρ.
910 1030 1197 1109 Scipioni,
1217 1050 1299 1089 ex
1326 1030 1526 1088 multis
1546 1030 1775 1102 diebus,
1796 1052 1944 1109 quos
1958 1032 2021 1090 in
2042 1035 2163 1093 vita

232 1127 676 1185 celeberrimos
689 1126 1136 1203 laetissimosque
1151 1125 1388 1195 viderit,
1404 1125 1575 1184 illum
1592 1126 1751 1185 diem
1769 1128 2163 1188 clarissimum

230 1220 444 1292 finisse,
465 1242 635 1291 cum,
653 1233 864 1280 senatu
887 1221 1150 1291 dimisso,
1169 1210 1417 1279 domum
1444 1220 1727 1280 reductus
1749 1222 1826 1280 sd
1848 1228 2163 1303 vesperum

233 1328 324 1375 est
340 1337 379 1374 a
397 1317 680 1407 patribus
703 1312 1064 1395 conscriptis,
1086 1318 1315 1395 populo
1333 1317 1625 1386 Romano,
1644 1316 1817 1375 sociis
1836 1330 1899 1375 et
1917 1318 2161 1389 Latinis,

233 1411 432 1490 pridie
483 1431 673 1490 quam
715 1411 977 1471 excessit
1019 1430 1056 1469 e
1096 1410 1257 1469 vita:
1309 1422 1376 1469 ut
1412 1431 1491 1470 ex
1531 1425 1653 1470 tam
1696 1413 1816 1471 alto
1856 1412 2163 1492 dignitatis

235 1506 436 1585 gradu
479 1506 563 1565 ad
597 1526 843 1586 superos
875 1505 1150 1566 videatur
1181 1506 1331 1567 deos
1370 1507 1587 1586 potius,
1616 1528 1793 1585 quam
1834 1509 1909 1568 ad
1942 1510 2162 1569 inferos

234 1601 620 1681 pervenisse.
677 1640 766 1667 s.
807 1593 900 1679 «ζ.

241 1832 248 1837 -
317 1794 444 1855 IV.
492 1799 585 1854 13.
621 1794 842 1873 Neque
883 1795 1044 1853 enim
1085 1795 1371 1855 assentior
1402 1795 1491 1867 iis,
1514 1796 1617 1875 qui
1650 1798 1779 1857 haec
1819 1817 2013 1874 nuper
2044 1797 2161 1856 dis·

239 1910 457 1950 serere
499 1902 830 1969 coeperunt,
865 1912 1002 1949 cum
1042 1891 1389 1971 corporibus
1428 1892 1604 1950 simul
1640 1893 1867 1951 animos
1899 1891 2163 1962 interire,

242 1999 435 2065 atque
485 1986 686 2045 omnia
730 1999 919 2045 morte
962 1986 1170 2045 deleri.
1252 1986 1399 2044 Plus
1448 1986 1605 2065 apud
1646 2006 1745 2045 me
1793 1986 2165 2063 antiquorum

242 2083 574 2142 auctoritas
599 2083 772 2153 valet,
801 2082 896 2140 vel
930 2095 1266 2141 nostrorum
1299 2081 1611 2159 majorum,
1641 2080 1742 2157 qui
1766 2080 2013 2139 mortuis
2044 2093 2165 2139 tam

242 2178 536 2257 religiosa
560 2178 705 2257 jura
735 2177 1110 2249 tribuerunt3
1154 2162 1316 2256 quod
1342 2196 1464 2235 uon
1488 2174 1768 2235 fecissent
1800 2176 2084 2255 profecte,
2114 2176 2165 2235 si
2199 2224 2207 2235 .

243 2272 400 2331 nihil
425 2274 501 2332 ad
524 2280 629 2333 eos
657 2274 957 2354 pertinere
987 2260 1449 2333 arbitrarentur}
1487 2275 1583 2332 vel
1605 2293 1830 2357 eorum,
1849 2266 2031 2350 quiin
2054 2275 2164 2333 hac

247 2382 416 2428 terra
453 2369 714 2439 fuerunt,
740 2356 1146 2448 Magnamque
1189 2369 1510 2439 Graeciam,
1547 2390 1679 2447 quae
1718 2390 1877 2428 nunc
1920 2369 2164 2447 quidem

251 2465 456 2525 deleta
483 2478 591 2533 est,
609 2478 754 2524 tunc
774 2458 1038 2535 florebat,
1056 2465 1335 2524 institutis
1357 2478 1417 2523 et
1435 2465 1747 2544 praeceptis
1776 2466 1899 2525 suis
1928 2467 2161 2525 erudie-

249 2573 429 2619 runt:
486 2561 584 2618 vel
619 2560 766 2638 ejus,
802 2560 905 2637 qui
939 2546 1237 2638 Apollinis
1283 2562 1517 2619 oraculo
1564 2560 2032 2641 sapientissimus
2072 2576 2165 2621 est

251 2654 558 2735 judicatus
578 2679 593 2727 ς
631 2655 730 2732 qui
759 2675 877 2713 non
903 2666 1031 2714 tum
1051 2657 1166 2713 hoc
1193 2667 1322 2713 tum
1344 2655 1511 2725 illud,
1534 2668 1599 2713 ut
1618 2656 1680 2713 in
1707 2658 2030 2735 plerisque,
2051 2656 2163 2716 sed

251 2751 417 2809 idem
457 2770 711 2828 semper,
743 2749 972 2807 animes
1005 2750 1313 2807 hominum
1348 2770 1480 2809 esse
1513 2750 1760 2822 divinOS,
1788 2752 1998 2829 iisque,
2028 2773 2165 2811 cum

255 2868 292 2905 e
321 2854 576 2925 corpore
605 2845 1016 2915 excessissent,
1045 2845 1304 2903 reditum
1333 2845 1392 2902 in
1418 2847 1638 2904 coelum
1669 2859 1894 2925 patere,
1916 2848 2163 2927 optimo·

256 2962 378 3019 que
400 2955 460 3000 et
477 2940 808 3019 justissimo
830 2939 1048 3017 cuique
1073 2939 1608 3018 expeditissimum.
1694 2945 1786 3000 14.
1815 2943 2035 3014 Quod
2019 2955 2164 3001 1tem

259 3036 530 3115 Scipioni
545 3036 876 3105 videbatur,
897 3036 996 3121 qui
1013 3035 1261 3112 quidem
1280 3037 1448 3113 quasi
1466 3038 1829 3116 praesagiret,
1848 3038 2163 3117 perpaucis

259 3145 398 3191 ante
425 3118 680 3189 mortem
710 3130 940 3200 diebus,
971 3149 1105 3189 cum
1134 3143 1194 3189 et
1221 3131 1435 3191 Philus
1479 3146 1539 3191 et
1562 3134 1842 3193 Manilius
1872 3134 2163 3203 adessent,

259 3242 321 3288 et
347 3229 448 3287 alii
475 3229 701 3307 plures,
729 3240 914 3305 tuque
945 3228 1142 3297 etiam,
1165 3228 1456 3298 Scaevola,
1488 3250 1727 3288 mecum
1752 3231 2033 3298 venisses,
2063 3229 2164 3287 tri-

261 3324 452 3383 duum
477 3321 758 3383 disseruit
785 3322 860 3381 de
892 3310 1237 3401 republica=
1282 3324 1449 3401 cujus
1476 3324 1888 3403 disputationis
1915 3324 2028 3381 fuit
2062 3342 2165 3380 ex-

259 3432 519 3479 tremum
538 3418 669 3476 fere
690 3417 767 3476 de
796 3418 1231 3477 immortalitate
1264 3418 1609 3488 animorum,
1632 3439 1765 3496 quae
1796 3418 1941 3475 sein
1963 3417 2166 3492 quiete

259 3504 600 3596 pervisum
634 3533 713 3572 ex
739 3514 1024 3574 Africano
1064 3514 1300 3573 audisse
1335 3514 1585 3572 dicebat.
1666 3512 1741 3570 Id
1772 3511 1821 3568 si
1849 3511 1930 3567 ita
1962 3522 2072 3579 est,
2100 3522 2169 3567 ut

263 3612 476 3692 optimi
516 3612 806 3689 cujusque
849 3610 1075 3669 animus
1115 3610 1179 3667 in
1219 3622 1413 3666 morte
1453 3607 1734 3665 facillime
1776 3605 1986 3672 evolet,
2020 3615 2168 3661 tam-

263 3728 448 3787 quam
471 3728 506 3765 e
526 3705 796 3766 custodia
809 3705 1134 3782 vinclisque
1157 3701 1446 3781 corporis3
1484 3701 1580 3759 cui
1598 3716 1912 3760 censemus
1932 3716 2169 3755 cursum

265 3804 341 3864 ad
353 3802 500 3864 deos
513 3801 852 3864 faciliorem
867 3799 1066 3874 fuisse,
1077 3817 1260 3879 quam
1277 3795 1577 3877 Scipioni?
1605 3793 1899 3877 quocirca,
1916 3810 2170 3852 moerere
