2492 4392
304 334 391 395 ⁷0
992 344 1061 387 u.
1086 344 1147 386 τ.
1178 318 1508 389 cicnaoms

300 479 503 558 mag-ni
537 477 664 549 viri,
700 472 1020 555 quidquam
1062 474 1225 535 aliud
1259 474 1628 555 propositum
1665 473 1852 533 fixisse
1892 472 2224 535 videatur?

302 575 463 647 Quae
510 592 608 633 res
655 572 731 633 ad
774 591 987 631 necem
1028 571 1354 629 Porsennae
1389 570 1460 629 C.
1487 568 1756 630 Mucium
1774 631 1783 640 v„
1797 569 2054 649 impulit,
2083 569 2222 629 sine

302 672 427 729 ulla
464 688 571 747 spe
611 668 815 728 salutis
852 667 1021 727 manv
1103 666 1263 739 Quae
1297 664 1386 724 vis
1420 664 1718 724 Coclitem
1757 677 1964 723 contra
2004 683 2220 731 omnes

299 763 555 823 hostium
590 762 791 841 copias
828 762 1021 821 tenuit
1054 762 1115 821 in
1145 773 1331 841 ponte
1371 761 1608 821 solumi
1651 780 1784 837 quae
1817 772 2055 839 patrem
2087 758 2218 819 De-

302 859 477 929 cium,
506 878 639 936 quae
669 857 857 933 fllium
884 857 1201 925 devotavit,
1232 868 1409 934 atque
1437 855 1680 931 immisit
1703 856 1766 913 in
1793 868 2054 913 armatas
2079 854 2218 913 hos·

300 953 447 1013 tium
474 953 716 1032 copias?
798 952 967 1025 Quid
994 952 1358 1011 continentia
1384 951 1456 1010 0.
1473 950 1756 1021 Fabricii,
1778 950 1923 1029 quid
1951 950 2216 1011 tenuitas

299 1048 488 1110 victus
532 1048 635 1107 Μ’.
659 1046 831 1107 Curii
876 1048 1284 1125 sequebatur?
1383 1046 1552 1119 Quid
1594 1046 1714 1105 duo
1759 1046 2215 1125 propugnacula

300 1142 445 1203 belli
487 1143 721 1211 Punici,
757 1143 868 1202 Cn.
906 1154 966 1203 et
1005 1142 1079 1202 P.
1110 1141 1442 1221 Scipiones,
1478 1142 1582 1220 qui
1620 1140 2212 1220 Carthaginiensium

183 1248 202 1257 “
300 1238 621 1301 adventum
666 1238 1020 1318 corporibus
1064 1237 1187 1297 suis
1233 1237 1757 1297 intercludendum
1804 1238 2212 1316 putaverunt?

298 1335 443 1413 quid
476 1334 791 1395 Africanus
838 1332 1067 1412 major?
1123 1332 1268 1410 quid
1313 1332 1552 1391 minor'l
1606 1332 1750 1410 quid
1785 1332 1943 1393 inter
1989 1333 2211 1391 horum

298 1443 499 1493 aetates
545 1429 892 1509 interjectus
936 1428 1129 1488 Cato‘l
1186 1426 1332 1504 quid
1376 1427 1838 1487 innumerabiles
1867 1428 2010 1488 aliil
2041 1428 2212 1504 (nam

299 1524 633 1585 domesticis
673 1524 967 1602 exemplis
1006 1523 1400 1599 abundamus)
1443 1524 1752 1601 cogitasse,
1781 1522 2108 1601 quidquam
2141 1523 2209 1585 in

298 1619 419 1679 vita
442 1619 553 1677 sibi
580 1620 1005 1698 expetendum,
1036 1618 1145 1677 nisi
1172 1618 1332 1697 quod
1354 1619 1656 1679 laudabile
1685 1632 1844 1679 esset
1869 1632 1932 1679 et
1959 1620 2209 1699 ptaecla-

299 1734 448 1785 rum,
476 1713 787 1774 videntur-‘l

376 1907 493 1967 111.
540 1911 631 1967 13.
664 1906 927 1967 Veniant
954 1904 1133 1983 igitur
1159 1906 1258 1965 isti
1285 1906 1556 1965 irrisores
1581 1907 1760 1985 hujus
1799 1906 2101 1977 orationis,
2132 1927 2204 1966 ac

294 2001 641 2078 sententian
680 2015 741 2061 et
762 2002 891 2081 jam
919 2003 1017 2063 vel
1046 2002 1161 2080 ipsi
1184 2002 1479 2080 judicent,
1507 2016 1708 2061 utrum
1737 2023 1804 2061 se
1835 2003 2050 2062 horum
2093 2005 2201 2087 ali-

296 2100 483 2178 cujus,
506 2098 607 2177 qui
634 2096 981 2158 marmoreis
1008 2098 1193 2167 tectis,
1216 2098 1402 2157 ebore
1431 2111 1492 2157 et
1519 2118 1664 2157 auro
1690 2098 2076 2176 fulgentibus,
2099 2100 2202 2177 qui

294 2194 497 2273 signia,
533 2194 636 2272 qui
680 2194 913 2263 tabulis,
950 2193 1053 2269 qui
1096 2194 1308 2252 caelato
1351 2212 1498 2253 auro
1539 2194 1910 2271 et‘argento,
1944 2198 2050 2271 qui
2084 2196 2204 2255 Oo-

292 2290 519 2349 rinthiis
546 2291 825 2367 operibus
852 2287 1167 2357 abundant,
1191 2307 1268 2345 an
1290 2288 1362 2346 O.
1379 2287 1660 2359 Fabricii,
1683 2288 1784 2366 qui
1811 2288 1958 2348 nihil
1987 2310 2201 2353 eorum

292 2384 517 2451 habuit,
534 2384 679 2441 nihil
692 2385 911 2445 habere
928 2385 1133 2455 voluit,
1150 2382 1369 2443 similes
1391 2404 1522 2443 esse
1543 2386 1788 2445 malint'l
1872 2390 1968 2445 14.
1993 2388 2200 2464 Atque

291 2478 421 2537 haec
462 2476 725 2554 quidem,
758 2500 891 2555 quae
939 2480 1119 2539 modo
1157 2480 1295 2550 huc,
1339 2479 1518 2539 modo
1557 2480 1700 2539 illuc
1747 2480 2196 2554 transferuntur,

290 2572 467 2634 facile
500 2572 719 2633 adduci
746 2574 955 2644 solent,
982 2588 1048 2633 ut
1072 2576 1135 2633 in
1166 2576 1344 2635 rebus
1371 2576 1546 2635 bonis
1581 2596 1713 2635 esse
1739 2588 2000 2656 negent:
2045 2578 2199 2638 illud

292 2683 453 2730 arcte
474 2680 692 2741 tenent,
712 2682 1105 2748 accurateque
1120 2670 1471 2742 defendunt,
1488 2673 1856 2751 voluptatem
1879 2694 2014 2733 esse
2037 2694 2198 2736 sum·

290 2788 455 2827 mum
485 2766 723 2827 bonum.
804 2766 964 2839 Quae
999 2765 1243 2844 quidem
1285 2766 1428 2825 mihi
1459 2786 1577 2827 vox
1617 2766 1916 2847 pecudum
1957 2770 2199 2829 videtur

288 2884 439 2933 esse,
458 2884 573 2923 non
593 2862 915 2924 hominum.
1000 2861 1117 2931 Tu,
1135 2882 1320 2940 quum
1347 2862 1458 2921 tibi
1479 2861 1604 2921 sive
1623 2862 1814 2933 Deus,
1837 2863 1960 2923 sive
1983 2878 2196 2938 mater,

288 2970 355 3017 ut
380 2959 465 3017 ita
490 2959 701 3029 dicam,
722 2980 925 3019 rerum
954 2957 1236 3028 omnium,
1258 2971 1486 3029 natura,
1508 2957 1744 3017 dederit
1769 2960 2049 3029 animum,
2074 2982 2197 3039 quo

285 3053 431 3111 nihil
465 3067 555 3112 est
594 3055 971 3134 praestantius
1009 3074 1207 3133 neque
1241 3054 1516 3123 divinius,
1551 3055 1636 3113 sic
1675 3067 1735 3115 te
1769 3055 1902 3134 ipse
1943 3038 2196 3135 abjicies

286 3161 463 3226 atque
508 3164 869 3228 prosternes,
904 3164 971 3209 ut
1014 3149 1163 3207 nihil
1204 3149 1363 3207 inter
1405 3163 1469 3209 te
1514 3162 1694 3227 atque
1737 3151 2195 3230 quadrupedem

285 3244 541 3323 aliquam
568 3260 745 3324 putes
772 3246 1106 3306 interesset
1187 3244 1615 3322 Quidquamne
1643 3246 1866 3306 bonum
1894 3260 1999 3316 est,
2030 3248 2194 3325 quod

282 3326 399 3399 non
442 3362 600 3412 eum,
628 3342 731 3419 qui
756 3340 817 3399 id
850 3340 1131 3419 possidet,
1168 3340 1475 3401 meliorem
1510 3340 1692 3400 facit?
1777 3346 1868 3401 15.
1903 3342 1990 3400 Ut
2031 3343 2194 3405 enim

284 3436 535 3515 quisque
562 3448 652 3496 est
684 3437 943 3495 maxime
970 3436 1113 3495 boni
1140 3435 1458 3514 particeps,
1486 3435 1570 3495 ita
1595 3449 1657 3495 et
1681 3436 1996 3495 laudabilis
2025 3458 2194 3498 max-

280 3531 430 3591 imet
465 3552 661 3611 neque
690 3545 783 3591 est
808 3534 995 3592 ullum
1016 3533 1258 3599 bonum,
1277 3531 1352 3590 de
1375 3552 1494 3610 quo
1521 3552 1639 3593 non
1660 3531 1725 3602 is,
1744 3532 1927 3611 quiid
1949 3534 2192 3607 habeat,

278 3626 525 3691 honeste
552 3628 739 3706 possit
770 3628 1025 3705 gloriari.
1107 3626 1273 3700 Quid
1307 3640 1507 3687 autem
1533 3641 1624 3689 est
1651 3628 1862 3687 horum
1889 3628 1950 3687 in
1979 3631 2192 3709 volup-

280 3723 445 3783 tate‘i
524 3722 919 3783 Melioremne
960 3722 1141 3783 efficit
1182 3736 1286 3783 aut
1324 3722 1776 3786 laudabiliorem
1816 3723 2052 3785 viruml
2110 3746 2192 3789 an
