2492 4392
423 337 509 395 46
971 348 1040 391 m.
1073 348 1134 389 τ.
1167 346 1498 389 meaaoms
1536 343 1795 395 mamus,

427 480 684 541 ardescit
703 479 1136 539 benevolentiae
1156 477 1526 556 magnitudo.
1610 475 1815 547 Quam
1836 473 1887 533 si
1909 473 2012 552 qui
2034 486 2277 553 putant
2306 478 2406 534 ab

427 575 830 635 imbecillitate
865 574 1175 652 proficisci,
1203 586 1271 632 ut
1310 572 1402 641 sit,
1430 592 1541 650 per
1567 591 1747 649 quem
1784 584 2159 648 assequatur,
2196 571 2400 648 quod

429 672 680 749 quisque
713 669 1051 741 desideret;
1093 668 1381 727 humilem
1424 688 1569 727 sane
1608 668 1970 745 relinquunt,
2002 680 2063 725 et
2094 668 2397 727 minime

429 785 802 845 generosum,
833 778 898 825 ut
923 765 1010 823 ita
1037 765 1250 832 dicam,
1282 776 1477 822 ortum
1504 762 1801 832 amicitiae,
1824 782 2001 839 quam
2032 782 2113 821 ex
2141 762 2393 842 inopia

431 873 610 936 atque
653 860 983 938 indigentia
1027 872 1227 917 natam
1271 860 1495 918 volunt.
1593 857 1777 929 Quod
1818 858 1871 915 si
1904 857 2007 916 ita·
2028 871 2241 929 esset3
2311 871 2391 917 ut

431 955 682 1033 quisque
713 956 1020 1015 minimum
1039 955 1102 1015 in
1129 975 1196 1013 se
1223 974 1359 1013 esse
1388 953 1791 1024 arbitraretur,
1811 952 1896 1011 ita
1922 952 1999 1011 ad
2022 953 2387 1011 amicitiam

431 1063 590 1107 esset
632 1050 1008 1128 aptissimus:
1065 1050 1227 1128 quod
1269 1051 1449 1127 longe
1492 1069 1665 1107 secus
1708 1060 1817 1107 est.
1912 1052 2010 1108 30.
2051 1049 2143 1106 Ut
2192 1050 2383 1107 enim

431 1145 686 1222 quisque
734 1145 849 1205 sibi
891 1146 1216 1225 plurimum
1262 1145 1529 1227 confidit,
1568 1158 1630 1205 et
1670 1156 1737 1203 ut
1780 1144 2031 1221 quisque
2082 1145 2381 1203 maxime

430 1241 648 1299 virtute
677 1255 739 1301 et
765 1242 1056 1320 sapientia
1081 1241 1167 1301 sic
1195 1242 1457 1300 munitus
1486 1253 1595 1312 est,
1612 1254 1678 1299 ut
1702 1232 1869 1299 nullo
1896 1253 2097 1318 egeat,
2118 1260 2379 1317 suaque

433 1336 630 1395 omnia
650 1336 710 1395 in
737 1339 950 1416 seipso
975 1338 1170 1416 posita
1185 1337 1457 1416 judicet3
1492 1337 1575 1395 ita
1593 1337 1655 1395 in
1686 1336 1961 1395 amicitiis
1990 1336 2377 1415 expetendis

433 1432 818 1509 colendisque
859 1434 1118 1491 maxime
1160 1432 1421 1491 excellit.
1514 1432 1686 1504 Quid
1728 1432 1933 1491 enim?
2023 1432 2399 1517 Africanus·

433 1527 712 1606 indigens
739 1528 901 1587 mei't
984 1528 1237 1586 Minime
1258 1527 1497 1587 hercle!
1520 1548 1605 1593 ,ac
1633 1548 1711 1585 ne
1739 1548 1856 1605 ego
1880 1527 2127 1604 quidem
2150 1527 2330 1585 illius
2354 1550 2371 1586 ε

433 1621 542 1681 sed
585 1643 704 1701 ego
745 1623 1138 1682 admiratione
1179 1623 1441 1701 quadam
1481 1623 1714 1682 virtutis
1756 1623 1910 1701 ejus,
1944 1622 2049 1681 ille
2090 1622 2371 1679 vicissim

435 1718 716 1796 opinione
745 1718 989 1777 fortasse
1022 1720 1325 1787 nonnulla,
1354 1738 1533 1797 quam
1568 1718 1645 1777 de
1678 1718 1833 1777 meis
1866 1716 2136 1776 moribus
2169 1718 2365 1775 habe-

355 1856 360 1861 ·
433 1813 552 1882 bat,
587 1834 687 1872 me
729 1813 973 1883 dilexit3
1033 1814 1200 1872 auxit
1231 1813 1709 1872 benevolentiam
1751 1812 2145 1872 consuetude.
2232 1812 2366 1870 Sed

434 1928 790 1988 quamquam
813 1909 1096 1967 utilitates
1123 1910 1329 1967 multae
1354 1922 1417 1967 et
1436 1928 1672 1986 magnae
1694 1921 2033 1967 consecutae
2055 1920 2213 1977 sunt,
2238 1928 2365 1967 non

434 2016 573 2062 sunt
598 2018 798 2063 tamen
834 2005 909 2063 ab
937 2024 1143 2063 earum
1175 2024 1287 2083 spe
1318 2024 1514 2063 causae
1542 2003 1833 2081 diligendi
1861 2003 2175 2081 profectae.
2260 2009 2363 2063 31.

433 2100 520 2159 Ut
567 2100 726 2159 enim
770 2100 1025 2159 benefici
1061 2101 1455 2177 liberalesque
1505 2119 1728 2168 sumus,
1761 2119 1880 2157 non
1925 2111 1991 2157 ut
2036 2099 2363 2177 exigamus

434 2196 686 2273 gratiam
724 2198 944 2273 (neque
975 2196 1138 2253 enim
1167 2194 1522 2253 beneficium
1554 2194 1921 2263 foeneramur
1938 2217 1954 2265 ς
1998 2194 2107 2252 sed
2142 2208 2363 2253 natura

434 2291 717 2369 propensi
745 2291 821 2349 ad
849 2290 1265 2349 liberalitatem
1300 2289 1523 2366 sumus)
1545 2313 1560 2360 ς
1606 2290 1691 2347 sic
1720 2289 2063 2358 amicitiam,
2092 2308 2217 2347 non
2248 2310 2359 2367 spe

434 2384 732 2442 mercedis
775 2385 1030 2454 adducti,
1074 2384 1180 2443 sed
1222 2384 1382 2462 quod
1430 2384 1621 2442 omnis
1668 2384 1802 2463 ejus
1842 2384 2075 2442 fructus
2119 2385 2183 2444 in
2224 2384 2358 2462 ipso

438 2498 638 2537 amore
673 2479 845 2547 inest,
875 2479 1275 2557 expetendam
1308 2493 1602 2557 putamus.
1678 2485 1779 2539 32.
1814 2482 1901 2538 At
1932 2479 1996 2548 ii,
2034 2480 2140 2557 qui
2175 2500 2356 2559 pecu-

437 2573 582 2631 dum
627 2572 743 2630 ritu
797 2573 873 2631 ad
911 2576 1277 2651 voluptatem
1324 2574 1523 2633 omnia
1567 2574 1860 2643 referunt,
1898 2576 2081 2653 longe
2124 2574 2354 2634 dissen-

435 2667 616 2735 tiunt;
659 2686 773 2725 nec
799 2668 1051 2726 mirum:
1088 2669 1237 2727 nihil
1265 2669 1425 2727 enim
1456 2671 1660 2740 altum,
1689 2670 1835 2727 nihil
1866 2670 2257 2748 magnificum
2288 2692 2355 2729 ac

437 2759 705 2817 divinum
748 2762 1049 2839 suspicere
1089 2776 1355 2841 possunt,
1390 2763 1490 2840 qui
1532 2784 1671 2823 suas
1692 2778 1695 2781 ’
1713 2784 1923 2824 omnes
1968 2766 2353 2843 cogitationes

438 2854 782 2932 abjecerunt
835 2856 896 2913 in
953 2876 1082 2914 rem
1140 2871 1263 2916 tam
1316 2858 1623 2929 humilem,
1676 2872 1919 2937 tamque
1974 2874 2349 2921 contemtam.
2400 2898 2407 2905 -

439 2939 855 3019 Quamobrem
887 2951 994 3007 hos
1029 2951 1269 3028 quidem
1312 2953 1389 3011 ab
1420 2954 1533 3011 hoc
1574 2973 1852 3012 sermone
1893 2976 2345 3017 removeamus:

437 3042 554 3121 ipsi
595 3055 793 3101 autem
834 3045 1259 3123 intelligamus,
1284 3062 1495 3107 natura
1542 3049 1710 3126 gigni
1756 3071 1999 3109 sensum
2046 3053 2345 3131 diligendi,

439 3151 500 3197 et
527 3137 953 3197 benevolentiae
988 3141 1311 3209 caritatem,
1338 3140 1496 3201 facta
1528 3143 1961 3220 significatione
1998 3149 2343 3226 probitatis:

442 3252 619 3313 quam
653 3233 755 3309 qui
790 3235 1224 3312 appetiverunt,
1262 3237 1561 3314 applicant
1600 3258 1734 3296 sese
1768 3252 1829 3297 et
1861 3243 2119 3319 propius
2153 3245 2346 3303 admo-

437 3342 593 3396 vent,
624 3340 687 3386 ut
719 3341 780 3386 et
813 3349 924 3387 usu
951 3330 1098 3407 ejus,
1129 3350 1311 3407 quem
1338 3332 1589 3408 diligere
1626 3348 1961 3411 coeperunt,
1989 3336 2263 3397 fruantur
2292 3353 2347 3397 et

439 3424 725 3492 moribus,
760 3424 991 3500 sintque
1027 3445 1201 3502 pares
1233 3424 1296 3480 in
1336 3444 1539 3483 amore
1580 3439 1642 3483 et
1682 3429 1969 3504 aequales,
2006 3435 2344 3511 propensio-

439 3538 656 3595 resque
676 3518 751 3576 ad
767 3519 922 3576 bene
941 3519 1315 3589 merendum,
1334 3538 1509 3595 quam
1534 3518 1611 3577 ad
1628 3525 2089 3598 reposcendum.
2158 3530 2345 3607 Atque

442 3612 571 3669 haec
613 3612 770 3669 inter
813 3631 918 3671 eos
960 3612 1023 3671 fit
1052 3613 1299 3670 honesta
1342 3613 1605 3670 certatio·
1686 3615 1789 3673 Sic
1833 3630 1897 3675 et
1937 3622 2228 3683 utilitates
2274 3647 2344 3685 ex

449 3704 710 3763 amicitia
747 3706 1010 3765 maxime
1051 3707 1393 3783 capientur;
1446 3719 1509 3764 et
1542 3708 1659 3767 erit
1692 3710 1823 3786 ejus
1866 3727 2033 3774 ortus
2068 3738 2109 3777 a
2138 3734 2343 3790 natura,
2428 3788 2431 3791 ⁴
