2492 4392
379 310 464 373 26
815 321 914 380 Μ.
947 321 1007 362 Τ.
1041 319 1367 362 cressonis
1404 320 1569 362 caro
1606 318 1831 372 unos,

380 456 554 514 anni:
607 473 719 512 nec
757 452 1128 532 praeteritum
1171 466 1409 530 tempus
1450 470 1711 528 unquam
1751 451 2069 510 revertitur
2084 475 2101 524 ;
2156 472 2295 523 nec,

379 551 525 629 quid
573 562 873 627 sequatur,
901 549 1041 607 sciri
1083 561 1299 626 potest.
1382 547 1583 619 Quod,
1610 547 1825 625 cuique
1872 548 2163 626 temporis
2210 549 2296 607 ad

377 644 703 704 vivendum
747 642 936 713 datur,
984 663 1074 700 eor
1101 642 1283 702 debet
1328 662 1459 700 esse
1507 654 1841 702 contentus.
1906 648 2032 704 070.
2068 643 2294 722 Neque

377 739 535 798 enim
569 739 856 809 histrioni,
884 752 950 798 ut
981 741 1228 816 placeat,
1256 738 1601 817 peragenda
1631 739 1833 798 fabula
1867 753 1981 813 est3
1999 740 2195 816 modp,
2223 740 2293 798 in

379 855 734 912 quocunque
756 834 938 893 fuerit
961 847 1112 903 actu,
1133 835 1453 913 probetur:
1495 854 1691 911 neque
1718 835 1975 913 sapienti
1998 855 2187 912 usque
2208 835 2293 894 ad

379 930 663 989 Plaudite
681 929 1039 988 veniendum
1064 943 1171 988 est.
1252 930 1449 987 Breve
1480 929 1641 987 enim
1660 942 1899 1008 tempus
1926 929 2113 988 aetatis
2142 931 2293 988 satis

379 1039 468 1082 est
486 1026 731 1102 longum
761 1025 836 1084 ad
855 1026 1010 1084 bene
1030 1028 1401 1103 honesteque
1422 1025 1737 1084 vivendum
1758 1045 1773 1082 τ
1816 1025 1907 1084 sin
1924 1026 2293 1104 processeris
2338 1077 2343 1080 .

377 1120 631 1197 longina
659 1141 778 1178 non
813 1121 1000 1200 magis
1035 1121 1357 1180 dolendum
1394 1133 1501 1190 est,
1530 1140 1711 1198 quam
1752 1121 2030 1198 agricolae
2066 1110 2291 1192 dolent,

377 1214 677 1293 praeterita
695 1217 861 1272 verni
882 1217 1166 1295 temporis
1193 1217 1503 1285 suavitate,
1525 1228 1791 1274 aestatem
1820 1228 2293 1293 autumnumque

377 1311 632 1368 venisse.
712 1309 846 1367 Ver
891 1311 1066 1380 enim,
1107 1324 1411 1388 tamquam
1460 1311 1921 1370 adolescentiam
1970 1311 2291 1388 significat,

379 1405 757 1482 ostenditque
783 1405 1004 1462 finctus
1036 1405 1303 1464 futuros:
1346 1407 1579 1484 reliqua
1609 1418 1881 1484 tempora
1913 1400 2293 1464 demetendis

379 1501 686 1568 fructibus,
707 1512 768 1556 et
789 1499 1186 1577 percipiendis
1207 1494 1646 1560 accommodata
1666 1514 1819 1572 sunt.
1879 1501 1996 1560 '71.
2030 1501 2294 1560 Fructus

381 1608 577 1652 autem
601 1594 924 1652 senectutis
946 1607 1056 1662 est,
1076 1607 1140 1651 ut
1165 1614 1327 1670 saepe
1348 1595 1493 1664 dixi,
1514 1577 1976 1690 antefsspa‘rtorum
1996 1597 2295 1666 bonorum

381 1691 685 1758 memoria,
697 1704 757 1748 et
783 1690 970 1767 copia.
1050 1687 1269 1746 Omnia
1296 1708 1453 1756 ver0,
1485 1690 1628 1768 quae'
1652 1692 1981 1750 secundum
2012 1705 2295 1751 naturam

381 1785 545 1865 fiunt,
575 1799 712 1843 sunt
737 1785 1014 1844 habenda
1039 1785 1097 1843 in
1119 1783 1307 1842 bonis.
1388 1783 1557 1855 Quid
1582 1800 1671 1845 est
1686 1801 1900 1848 „autem
1927 1802 2052 1847 tam
2080 1808 2294 1846 secun-

382 1881 528 1940 dum
557 1895 848 1962 naturam,
871 1901 1049 1960 quam
1077 1880 1319 1937 senibus
1345 1879 1579 1938 emori}
1622 1883 1781 1958 quod
1804 1883 1984 1942 idenr
1997 1883 2296 1961 contingit

351 1977 876 2050 ,adolescentibuffi
900 1976 1253 2034 adversante
1281 1987 1343 2034 et
1366 1989 1740 2052 repugnante
1766 1991 1995 2038 natura.
2076 1979 2295 2056 Itaque

383 2071 792 2130 adolescentes
826 2071 978 2152 mori
1005 2071 1091 2129 sic
1119 2070 1269 2136 mihi
1295 2069 1591 2140 videntur,
1621 2083 1685 2128 ut
1718 2091 1853 2129 cum
1888 2095 2058 2150 aquae
2094 2075 2296 2132 multi·

381 2168 591 2227 tudine
636 2168 724 2226 vis
768 2168 1023 2227 flammae
1069 2166 1454 2244 opprimitur:
1515 2186 1686 2224 senes
1732 2179 1948 2237 autem,
1984 2169 2141 2227 sicut
2182 2189 2299 2227 sua

381 2277 608 2340 sponte,
645 2264 812 2320 nulla
859 2261 1121 2320 adhibita
1167 2261 1245 2329 vi,
1282 2272 1623 2344 consumtus
1671 2261 1828 2339 ignis
1876 2247 2296 2340 exstinguitur.

381 2359 468 2416 Et
495 2358 664 2435 quasi
690 2377 888 2434 poma,
918 2377 996 2414 ex
1025 2355 1354 2422 arboribus,
1382 2343 1570 2426 cruda
1597 2356 1646 2414 si
1674 2356 1809 2426 sint,
1836 2357 1897 2413 vi
1924 2359 2295 2430 avelluntur3

383 2453 434 2510 si
462 2465 696 2510 matura
725 2464 785 2508 et
817 2465 1001 2520 cocta,
1025 2449 1344 2508 decidunt:
1384 2450 1472 2508 sic
1493 2451 1674 2509 &itam
1702 2451 2183 2511 adolescentibus
2206 2455 2299 2512 vis

383 2546 592 2614 aufert,
623 2546 864 2604 senibus
895 2545 1233 2617 maturitas3
1278 2565 1409 2622 quae
1436 2546 1582 2604 mihi
1610 2535 1854 2632 quidem
1881 2561 2001 2605 tam
2022 2548 2303 2626 jucunda

381 2655 490 2711 est,
525 2656 606 2712 ut,
641 2662 757 2719 quo
800 2642 1050 2720 propius
1098 2641 1171 2699 ad
1217 2653 1472 2699 mortem
1518 2641 1823 2711 accedam,
1858 2642 2027 2720 quasi
2068 2655 2299 2702 terram

380 2737 584 2816 videre
596 2737 816 2816 videar,
831 2736 1273 2814 aliquandoque
1292 2737 1352 2794 in
1368 2749 1606 2815 portum
1624 2758 1700 2796 ex
1716 2725 1899 2816 longa
1910 2739 2299 2818 navigatione

380 2853 514 2892 esse
543 2846 844 2890 venturus·

393 3097 400 3102 .
458 3025 601 3082 XX.
645 3029 740 3084 72.
775 3024 1328 3104 Omnium-astatum
1362 3037 1561 3082 certus
1596 3037 1687 3083 est
1723 3025 2006 3084 terminus
2025 3049 2041 3097 3
2084 3008 2303 3086 senec-¹

379 3121 518 3178 tutis
563 3133 763 3178 autem
807 3122 1000 3178 nullus
1042 3133 1238 3178 certus
1282 3133 1377 3179 est
1416 3122 1735 3180 terminus:
1790 3135 2073 3200 recteque
2116 3123 2176 3180 in
2222 3145 2301 3182 ea

377 3216 613 3286 vivitur,
643 3216 840 3292 quoad
883 3236 1098 3273 munus
1127 3216 1317 3274 officii
1361 3215 1716 3293 exsequi'et
1759 3217 1913 3276 tueri
1946 3217 2161 3296 possis,
2232 3232 2299 3277 et

378 3324 579 3371 tamen
629 3324 880 3368 mortem
929 3323 1324 3395 contemnere.
1425 3311 1525 3368 Ex
1568 3332 1687 3389 quo
1734 3313 1819 3386 fit,
1862 3325 1929 3371 ut
1974 3313 2300 3371 animosior

379 3407 564 3466 etiam
605 3419 881 3464 senectus
923 3405 1018 3476 sit,
1055 3426 1234 3483 quam
1287 3391 1704 3476 adolescentia,
1748 3421 1809 3465 et
1846 3407 2070 3466 fortior.
2154 3409 2298 3467 Hoc

379 3501 528 3558 illud
552 3513 662 3570 est,
685 3500 847 3578 quod
869 3501 1180 3561 Pisistrato
1209 3514 1459 3578 tyranno
1486 3523 1521 3560 a
1540 3501 1762 3560 Solone
1790 3505 2141 3580 responsum
2168 3518 2293 3563 est:

381 3614 516 3654 cum
537 3596 626 3654 illi
642 3581 950 3674 quaerenti,
971 3617 1086 3678 qua
1108 3595 1345 3654 tandem
1370 3617 1478 3675 spe
1500 3597 1684 3655 fretus
1708 3597 1822 3656 sibi
1838 3593 2301 3660 *tam-audaciter

385 3689 719 3776 obsisteret,
739 3675 1116 3770 respondisse
1145 3690 1378 3760 dicitur,
1406 3691 1712 3750 Senectute.
1796 3694 1921 3752 Sed
1937 3694 2175 3752 vivendi
2207 3708 2301 3754 est
