2492 4392
650 401 807 442 stvn
835 402 929 443 ‚nn
967 401 1502 444 summum—CA?-
1530 402 1682 444 xxv.
2051 387 2136 446 65

265 529 473 587 XXV.
524 533 632 588 91.
671 532 767 590 Ut
794 534 976 612 igitur
1002 547 1062 591 et
1090 553 1330 592 monere
1359 547 1422 592 et
1448 533 1672 591 moneri
1701 532 2008 612 proprium
2045 545 2134 591 est

195 643 347 682 verae
398 626 747 699 amicitiae3
806 642 867 686 et
915 630 1167 686 alterum
1214 628 1406 688 libere
1451 629 1670 697 facere,
1716 648 1832 685 non
1885 647 2131 706 asper03

192 721 443 778 alterum
480 723 807 799 patienter
838 724 1132 802 accipere,
1160 744 1278 781 non
1312 737 1754 802 repugnanter:
1797 723 1880 780 sic
1912 723 2132 781 haben-

189 812 329 870 dum
365 829 480 883 est,
510 819 758 876 nullam
788 820 847 876 in
882 819 1157 877 amicitiis
1186 833 1418 898 pestem
1454 839 1588 877 esse
1619 820 1922 897 majorem,
1951 839 2132 895 quam

184 908 639 983 adulationem,
676 913 1045 982 blanditiam,
1083 915 1552 972 assentationem.
1633 914 1924 985 Quamvis
1971 914 2132 972 enim

186 1006 388 1062 multis
424 1008 795 1067 nominibus
829 1023 921 1067 est
952 1011 1065 1068 hoc
1098 1010 1308 1069 vitium
1341 1009 1666 1068 notandum
1697 1009 1916 1067 levium
1945 1009 2130 1066 homi·

183 1119 327 1158 num
371 1115 575 1180 atque
623 1104 944 1175 fallacium,
980 1105 1055 1162 ad
1088 1107 1453 1164 voluntatem
1491 1104 1866 1182 loquentium
1913 1105 2129 1174 omnia,

183 1196 331 1253 nihil
355 1198 437 1255 ad
461 1201 815 1259 veritatem.
898 1205 995 1258 92.
1030 1201 1185 1259 Cum
1212 1214 1409 1258 autem
1435 1200 1698 1258 omnium
1727 1219 1926 1257 rerum
1954 1199 2132 1257 simu-

187 1291 329 1350 latio
353 1307 453 1351 est
470 1296 701 1353 vitiosa
722 1295 904 1374 (tollit
923 1296 1083 1354 enim
1104 1294 1401 1373 judicium
1418 1294 1560 1365 veri,
1579 1294 1764 1372 idque
1789 1294 2131 1371 adulterat),

186 1398 318 1444 tum
365 1391 675 1449 amicitiae
719 1403 1017 1469 repugnat
1060 1391 1354 1448 maxime:
1406 1389 1567 1448 delet
1607 1389 1770 1448 enim
1803 1390 2132 1458 veritatem,

192 1481 319 1539 sine
359 1505 495 1561 qua
540 1505 762 1543 nomen
806 1485 1081 1544 amicitiae
1116 1485 1318 1542 valere
1352 1505 1472 1542 non
1507 1496 1715 1564 potest.
1799 1485 1960 1544 Nam
1997 1505 2133 1543 cum

194 1577 491 1638 amicitiae
524 1581 621 1638 vis
652 1580 728 1638 sit
754 1581 813 1637 in
846 1601 933 1648 eo,
965 1594 1031 1638 ut
1067 1600 1221 1638 unus
1248 1579 1417 1656 quasi
1445 1580 1674 1637 animus
1705 1579 1806 1638 fiat
1839 1599 1918 1638 cx
1952 1580 2132 1659 pluri-

192 1671 343 1732 bus:
387 1675 505 1751 qui
530 1675 597 1732 id
619 1676 747 1733 fieri
768 1675 1003 1753 poterit,
1028 1675 1078 1732 si
1105 1696 1181 1733 ne
1210 1675 1270 1732 in
1299 1695 1418 1733 uno
1437 1674 1678 1751 quidem
1709 1695 1948 1754 quoque
1977 1695 2134 1734 unus

196 1767 443 1826 animus
492 1772 630 1840 erit,
664 1771 948 1847 idemque
982 1791 1250 1849 semper;
1292 1770 1402 1828 sed
1433 1770 1654 1840 varius,
1683 1770 2134 1838 commutabilis,

196 1865 581 1942 multiplex‘!
663 1871 760 1923 93.
803 1864 971 1937 Quid
994 1865 1151 1923 enim
1178 1878 1372 1943 potest
1400 1886 1532 1924 esse
1559 1879 1680 1923 tam
1707 1865 1992 1932 flexibile,
2015 1875 2136 1920 tam

198 1955 479 2031 devium,
508 1981 689 2038 quam
720 1961 949 2019 animus
975 1961 1123 2038 ejus,
1152 1961 1256 2037 qui
1285 1960 1358 2020 ad
1387 1961 1630 2018 alterius
1656 1979 1770 2017 non
1799 1958 1978 2016 modo
2007 1977 2136 2016 sen-

198 2074 337 2114 sum
376 2077 462 2116 ac
498 2059 877 2125 voluntatem,
914 2057 1021 2115 sed
1054 2056 1235 2116 etiam
1269 2058 1496 2114 vultum
1536 2068 1720 2132 atque
1759 2066 1971 2111 nutum
2005 2071 2136 2110 con·

200 2153 473 2211 vertitur
495 2153 519 2212 <t

206 2246 421 2323 Negat
437 2249 571 2326 quis
584 2249 611 2305 ,2
631 2268 807 2324 nego.-
838 2247 967 2306 ait?
989 2249 1085 2306 aio
1098 2270 1119 2306 .·
1133 2258 1418 2323 postremo
1433 2246 1723 2324 imperavi
1741 2254 1958 2322 egomet
1971 2244 2137 2313 mihi,

218 2342 451 2402 Omnia
478 2345 783 2413 assentari,

208 2451 277 2495 ut
312 2441 401 2498 ait
436 2440 601 2498 idem
632 2441 985 2509 Terentius;
1046 2439 1153 2498 sed
1186 2439 1290 2497 ille
1331 2440 1442 2498 sub
1475 2437 1805 2497 Gnathonis
1841 2455 2134 2516 persona:

216 2536 385 2612 quod
410 2536 587 2594 amici
610 2556 799 2612 genus
816 2534 1101 2592 adhibere
1138 2535 1376 2592 omnino
1390 2534 1648 2592 levitatis
1667 2547 1772 2592 est.
1840 2539 1936 2592 94.
1961 2532 2140 2591 Multi

216 2644 424 2691 autem
467 2631 855 2688 Gnathonum
899 2630 1145 2698 simileS,
1182 2630 1476 2688 cum-sint
1513 2631 1662 2698 loco,
1697 2629 1947 2698 fortuna,
1981 2628 2141 2687 fama

218 2725 587 2806 superioreS,
616 2726 829 2784 horum
864 2738 957 2784 est
989 2725 1311 2783 assentatio
1343 2726 1609 2792 molesta,
1644 2745 1780 2783 cum
1815 2725 1889 2783 ad
1919 2725 2138 2782 vanita-

216 2834 345 2880 tem
364 2822 617 2880 accessit
634 2822 963 2879 auctoritas.
1031 2826 1125 2879 95.
1155 2821 1404 2880 Secerni
1425 2835 1624 2880 autem
1641 2821 1894 2879 blandus
1916 2821 2140 2879 amicus

220 2937 259 2974 a
282 2938 452 2986 vere,
484 2930 547 2975 et
574 2917 894 2976 internosci
924 2929 1043 2975 tam
1070 2929 1288 2994 potest,
1319 2917 1580 2975 adhibita
1607 2917 1936 2994 diligentia,
1963 2937 2141 2993 quam

220 3015 427 3072 omnia
454 3014 673 3082 fucata,
703 3026 765 3072 et
789 3014 1061 3070 simulata
1088 3033 1123 3070 a
1150 3014 1396 3071 sinceris
1425 3027 1606 3090 atque
1633 3013 1808 3072 veris.
1889 3011 2140 3081 Concio‚

222 3131 359 3188 quae
388 3130 469 3167 ex
496 3108 959 3186 imperitissimis
988 3105 1233 3176 constat,
1264 3121 1460 3167 tamen
1486 3108 1762 3187 judicare
1799 3109 1968 3176 solet,
1996 3107 2140 3185 quid

198 3209 463 3267 ,intersit
504 3207 661 3263 inter
703 3207 1069 3284 popularem,
1105 3205 1167 3262 id
1212 3219 1324 3276 est,
1369 3218 1793 3263 assentatorem
1839 3217 1900 3261 et
1943 3206 2140 3261 levem

224 3305 435 3370 civem,
462 3315 523 3360 et
546 3301 701 3358 inter
722 3313 1105 3370 constantem,
1130 3321 1406 3359 severum
1430 3313 1490 3364 et
1517 3318 1781 3377 gravem.
1863 3301 1958 3354 96.
1989 3296 2140 3366 Qui-

222 3398 333 3456 bus
360 3393 671 3454 blanditiis
714 3392 901 3451 Caius
969 3392 1250 3471 Papirius
1315 3413 1510 3472 nuper
1552 3390 1838 3448 influebat
1873 3389 1932 3444 in
1969 3408 2142 3444 aures

226 3491 551 3558 concionis,
578 3509 715 3546 cum
736 3487 919 3546 ferret
940 3489 1140 3565 legem
1168 3488 1247 3545 de
1275 3487 1524 3545 tribunis
1553 3486 1748 3564 plebis
1771 3481 2136 3541 reficiendis!

226 3585 643 3647 Dissuasimus
676 3604 803 3641 nos.
884 3582 1005 3642 Sed
1038 3583 1187 3640 nihil
1220 3582 1298 3640 de
1333 3601 1465 3638 me:
1517 3579 1592 3636 de
1627 3575 1912 3654 Scipione
1947 3575 2144 3634 dicam

224 3683 528 3743 libentius.
643 3679 893 3750 Quanta
943 3679 1049 3749 illi,
1100 3677 1183 3734 dii
1230 3671 1630 3732 immortales!
1699 3670 1814 3728 fuit
1865 3670 2140 3750 gravitas,

223 3792 447 3860 quanta
500 3777 599 3834 in··
621 3775 883 3834 oratione
937 3773 1253 3852 majestas!
1324 3781 1392 3827 ut
1438 3766 1613 3826 facile
1665 3766 1884 3826 ducem
1935 3767 2144 3847 populi
