2492 4392
343 366 429 425 00
1034 370 1101 414 n.
1132 372 1192 415 τ.
1224 363 1549 415 mononis

346 506 609 589 privatis,
632 526 701 565 ac
728 502 781 565 si
798 502 1238 583 magistratibus
1267 522 1478 562 manus
1509 502 1794 563 afferant?
1836 524 2270 585 quamcunque

346 604 410 661 in
444 604 688 661 domum
722 614 992 680 stuprum
1027 600 1352 669 intulerint,
1383 598 1636 677 eandem
1671 618 1802 657 esse
1830 601 2030 657 labem
2059 600 2264 659 libidi-

348 698 489 757 nis'l
569 698 665 755 24.
702 694 943 755 Nihilne
972 694 1161 771 igitur
1192 694 1422 751 interest
1460 696 1623 771 (nam
1655 694 1770 753 hoc
1810 694 1968 753 dicet
2009 695 2262 774 aliquis)

346 802 585 869 patrem
614 791 741 867 quie
765 800 960 860 enecet,
988 808 1067 849 an
1092 790 1362 848 servum?
1443 788 1628 849 Nuda
1652 788 1763 849 ista
1789 789 1839 848 si
1869 810 2073 869 ponas,
2091 792 2258 877 judi-

352 886 491 955 cari,
517 886 717 963 qualia
741 886 873 955 sint,
900 900 1019 943 non
1044 885 1221 943 facile
1250 896 1513 963 possunt.
1597 884 1843 943 Patrem
1871 886 1989 944 vita
2015 886 2258 963 privare

350 982 404 1041 si
430 994 544 1060 per
574 1000 640 1039 se
673 983 867 1039 scelus
894 991 1018 1040 est:
1063 978 1395 1059 Saguntini,
1425 978 1531 1058 qui
1557 992 1834 1059 parentes
1867 1000 2006 1039 suos
2032 965 2258 1040 liberos

353 1076 559 1148 emori,
590 1096 769 1155 quam
810 1096 1008 1135 servos
1040 1074 1243 1135 vivere
1277 1077 1628 1145 maluerunt,
1651 1074 1960 1155 parricidae
1995 1074 2258 1136 fuerunt.

354 1172 525 1250 Ergo
552 1184 616 1231 et
640 1171 867 1251 parenti
892 1190 1318 1249 nonnunquam
1357 1170 1540 1231 adimi
1567 1170 1687 1229 vita
1721 1170 1850 1231 sine
1885 1172 2116 1231 scelere
2149 1192 2259 1250 po·

352 1280 501 1326 τρεῖς
538 1278 602 1325 et
626 1286 797 1327 servo
824 1286 985 1345 soepe
1012 1266 1142 1324 sine
1168 1265 1386 1344 injuria
1411 1286 1526 1325 non
1551 1276 1762 1345 potest.
1845 1267 2044 1328 Causa
2071 1266 2262 1347 igitur

352 1364 498 1435 haec,
526 1384 645 1422 non
676 1374 887 1422 natura
913 1360 1252 1440 distinguit;
1298 1380 1428 1438 quae
1461 1361 1700 1439 quando
1728 1375 1862 1420 utro
1889 1362 2163 1430 accessit,
2196 1360 2262 1421 id

354 1459 421 1518 fit
439 1457 823 1539 propensius,
856 1456 907 1515 si
928 1470 1177 1534 utroque
1208 1456 1490 1535 adjuncta
1518 1468 1623 1525 est,
1644 1456 1814 1536 paria
1834 1456 1989 1524 flant,
2013 1478 2263 1516 necesse

356 1567 491 1613 est..
544 1556 639 1611 25.
681 1551 841 1613 Illud
874 1562 1077 1610 tamen
1111 1550 1373 1621 interest,
1403 1549 1564 1628 quod
1589 1551 1652 1609 in
1685 1568 1856 1609 servo
1887 1550 2180 1621 necunde,
2212 1550 2266 1611 si

270 1660 281 1672 '
354 1647 421 1707 id
440 1648 505 1707 fit
522 1646 752 1727 injuria,
775 1646 959 1706 semel
979 1658 1298 1725 peccatum
1333 1646 1396 1702 in
1423 1644 1607 1723 patris
1632 1644 1752 1703 vita
1779 1645 2052 1704 violanda
2072 1648 2266 1706 multa

356 1756 696 1823 peccantur.
774 1742 1056 1800 Violatur
1086 1740 1155 1809 is,
1186 1739 1288 1818 qui
1315 1740 1683 1819 procreavit:
1725 1740 1794 1809 is,
1826 1740 1927 1818 qui
1963 1740 2146 1799 aluit:
2188 1742 2266 1814 is,

361 1839 463 1917 qui
494 1836 782 1897 erudivit:
825 1836 894 1902 is.
922 1834 1022 1912 qui
1047 1834 1108 1891 in
1142 1833 1291 1893 sede
1326 1854 1394 1893 ac
1427 1834 1604 1893 domo
1639 1846 1815 1913 atque
1849 1835 1908 1892 in
1949 1834 2269 1914 republica.

358 1933 682 1993 collocavit.
762 1928 1147 1988 Multitudine
1175 1942 1551 2008 peccatorum
1581 1942 1834 2013 praestat,
1863 1949 2057 2007 eoque
2085 1950 2271 2009 poena

360 2030 588 2107 majore
617 2026 828 2106 dignus
856 2038 961 2085 est.
1044 2022 1167 2082 Sed
1190 2042 1300 2081 nos
1325 2024 1385 2080 in
1414 2024 1546 2093 vita,
1573 2044 1694 2082 non
1724 2044 1858 2101 quae
1886 2024 2100 2103 cuique
2128 2047 2271 2105 pec-

361 2137 500 2185 cato
532 2142 709 2203 poena
741 2120 837 2191 sit,
865 2117 972 2178 sed
998 2130 1278 2196 quantum
1311 2118 1526 2196 cuique
1553 2117 1749 2189 liceat,
1778 2133 2050 2198 spectare
2085 2120 2273 2179 debe-

362 2238 531 2279 mus:
580 2214 869 2295 quidquid
908 2234 1025 2273 non
1066 2226 1320 2292 oportet,
1357 2215 1550 2273 scelus
1591 2233 1759 2273 esse:
1811 2214 2102 2293 quidquid
2145 2237 2272 2275 non

362 2314 525 2382 licet,
552 2313 716 2370 nefas
743 2322 954 2390 putare
982 2308 1286 2368 debemus.
1369 2308 1648 2367 Etiamne
1676 2310 1735 2366 in
1766 2309 2020 2369 minimis
2049 2312 2272 2372 rebus‘l

365 2408 606 2468 Etiam=
648 2405 699 2463 si
727 2405 968 2483 quidem
998 2422 1202 2462 rerum
1234 2402 1478 2461 modum
1506 2404 1732 2483 fingere
1764 2424 1882 2463 non
1917 2426 2268 2484 possumus3

364 2502 695 2560 animorum
720 2498 963 2557 modum
990 2512 1197 2561 tenere
1225 2516 1560 2577 possumus.
1639 2504 1736 2558 26.
1769 2500 1998 2558 Histrio
2023 2501 2073 2558 si
2102 2504 2272 2581 p'aul·

366 2597 490 2654 lum
526 2613 591 2652 se
625 2592 808 2651 movit
840 2605 1009 2651 extra
1038 2612 1375 2664 numerum,
1405 2606 1506 2653 aut
1538 2593 1587 2654 si
1618 2614 1825 2653 versus
1857 2596 2272 2674 pronuntiatus

368 2702 458 2750 est
483 2689 705 2769 syllaba
730 2707 847 2747 una
868 2687 1105 2748 brevior
1130 2701 1229 2749 aut
1255 2689 1502 2767 longior,
1531 2688 1884 2749 exsibilatur
1909 2701 1971 2748 et
1999 2691 2270 2769 explodi-

366 2798 497 2846 tur:
550 2783 613 2843 in
644 2784 765 2843 vita
800 2795 883 2854 tu,
918 2804 1051 2861 quae
1084 2784 1245 2842 omni
1280 2796 1450 2862 gestu
1488 2784 1866 2856 moderatior,
1899 2787 2060 2844 omni
2095 2808 2272 2847 versu

366 2882 559 2961 aptior
580 2899 712 2939 esse
734 2878 933 2951 debet,
950 2879 1098 2938 utin
1118 2880 1348 2957 syllaba
1368 2891 1428 2938 te
1448 2898 1729 2959 peccasse
1748 2880 1948 2939 dices?
2008 2882 2268 2941 Poetam

364 2996 484 3034 nom
506 2976 683 3034 audio
704 2976 765 3034 in
785 2974 991 3054 nug-is:
1023 2974 1086 3031 in
1106 2972 1241 3033 vitae
1265 2974 1550 3034 societate
1573 2975 1810 3035 audiam
1833 2977 2043 3048 civem,
2066 2977 2269 3056 digitis

263 3090 281 3109 ‘
364 3082 613 3149 peccata
653 3070 1059 3129 dimetientem
1104 3068 1254 3127 sual
1335 3069 1493 3142 Quae
1536 3069 1584 3128 si
1625 3070 1752 3129 visa
1797 3082 1933 3129 sunt
1971 3072 2267 3144 breviora,

365 3164 588 3222 leviora
616 3164 717 3242 qui
744 3164 975 3244 possint
1016 3160 1224 3233 videri,
1272 3182 1474 3242 quum,
1503 3163 1788 3243 quidquid
1815 3178 2113 3245 peccatur,
2138 3188 2270 3247 per-

364 3258 699 3318 turbatione
746 3271 1033 3338 peccetur
1078 3257 1324 3317 rationis
1372 3272 1552 3337 atque
1599 3258 1858 3333 ordinis;
1921 3264 2272 3341 perturbata

368 3366 565 3412 autem
592 3353 777 3412 semel
794 3352 1025 3411 ratione
1052 3362 1114 3410 et
1138 3350 1365 3424 ordine,
1378 3352 1524 3412 nihil
1543 3354 1730 3434 possit
1757 3348 1922 3427 addi,
1934 3376 2053 3434 quo
2075 3358 2270 3437 magis

365 3444 603 3525 peccari
628 3466 807 3527 posse
832 3444 1141 3507 videatur?
