2492 4392
370 294 493 367 11ss
1017 308 1314 355 connum
1353 308 1618 353 Naro'rls

362 442 547 503 fuisse
580 440 640 501 in
672 459 809 503 suos
844 438 1229 521 indulgentia,
1255 452 1342 510 ut,
1371 460 1520 519 quos
1555 460 1760 499 amare
1797 438 2072 514 deberet,
2099 441 2294 503 irasci

364 538 450 597 eis
492 538 657 597 nefas
687 537 947 597 duceret.
1030 538 1251 614 Neque
1284 536 1348 595 id
1381 536 1523 595 fecit
1563 548 1778 595 natura
1817 537 2034 605 solum,
2071 558 2290 615 quam-

363 653 540 711 quam
588 652 793 691 omnes
838 633 893 691 ei
936 651 1231 711 paremus,
1265 631 1375 691 sed
1417 631 1598 691 etiam
1629 630 1918 692 doctrina.
2001 632 2170 691 Nam
2223 645 2292 691 et

360 728 695 807 principum
730 727 1214 807 philosophorum
1255 727 1342 785 ita
1378 740 1664 806 percepta
1694 727 1908 786 habuit
1946 741 2285 807 praecepta,

361 836 429 885 ut
452 824 525 882 iis
552 822 630 882 ad
650 823 831 883 vitam
860 822 1172 903 agendam,
1192 842 1313 881 non
1341 821 1417 881 ad
1443 822 1921 893 ostentationem,
1941 835 2241 883 uteretur.

437 1014 682 1075 XVIII.
733 1014 925 1075 Moris
972 1014 1151 1076 etiam
1198 1014 1496 1094 majorum
1546 1034 1812 1073 summus
1853 1014 2118 1073 imitator
2158 1014 2284 1073 fuit

360 1111 847 1189 antiquitatisque
872 1122 1135 1170 amatort
1172 1130 1349 1189 quam
1379 1109 1530 1167 adeo
1552 1108 1876 1189 diligenter
1893 1109 2103 1168 habuit
2129 1130 2280 1187 cog-

359 1207 561 1275 nitam,
588 1218 657 1265 ut
686 1225 820 1265 eam
844 1217 1029 1263 totam
1054 1205 1117 1262 in
1152 1224 1227 1263 eo
1254 1205 1560 1263 volumine
1592 1204 1961 1283 exposuerit,
1993 1224 2114 1281 quo
2147 1223 2276 1262 ma-

360 1302 640 1381 gistratus
688 1300 930 1360 ornavit.
1032 1300 1219 1359 Nulla
1265 1300 1428 1358 enim
1471 1301 1592 1371 lex,
1634 1320 1828 1377 neque
1874 1319 2020 1379 pax,
2063 1320 2275 1377 neque

359 1397 605 1467 bellum,
634 1416 831 1475 neque
858 1416 955 1455 res
980 1394 1221 1453 illustris
1246 1406 1340 1455 est
1365 1395 1572 1474 populi
1593 1395 1862 1465 Romani,
1891 1414 2028 1473 quae
2055 1415 2178 1453 non
2209 1394 2278 1453 in

360 1512 433 1551 eo
460 1511 571 1549 suo
596 1504 863 1570 tempore
895 1490 971 1549 sit
1002 1502 1235 1549 notata:
1279 1503 1358 1559 et,
1385 1489 1551 1569 quod
1575 1490 1990 1548 difficillimum
2017 1490 2151 1561 fuit,
2183 1490 2277 1549 sic

358 1585 712 1645 familiarum
740 1585 1031 1663 originem
1058 1585 1382 1656 subtexuit,
1405 1598 1472 1644 ut
1491 1604 1571 1643 ex
1591 1604 1668 1643 eo
1690 1586 1986 1644 clarorum
2008 1586 2275 1645 virorum

357 1682 721 1760 propagines
754 1682 1047 1759 possimus
1082 1699 1459 1758 cognoscere.
1539 1680 1716 1739 Fecit
1747 1681 1862 1739 hoc
1893 1681 2057 1739 idem
2099 1702 2276 1760 sepa·

358 1776 529 1837 ratim
554 1777 617 1835 in
650 1776 783 1835 aliis
808 1775 1011 1833 libris:
1054 1788 1123 1833 ut
1150 1776 1237 1833 M.
1256 1775 1428 1834 Bruti
1461 1788 1673 1853 rogatu
1699 1776 1743 1834 J
1745 1776 1948 1835 uniam
1974 1776 2277 1835 familiam

360 1892 397 1931 a
422 1872 603 1951 stirpe
634 1870 711 1930 ad
736 1872 890 1932 hanc
914 1883 1153 1931 aetatem
1181 1871 1386 1931 ordine
1415 1859 1800 1943 enumeravit,
1829 1884 2055 1943 notans,
2081 1874 2205 1951 qui,
2237 1896 2276 1935 a

362 1990 481 2047 quo
522 1982 702 2039 ortus,
730 1988 879 2046 quos
916 1969 1186 2038 honores,
1214 1966 1544 2045 quibusque
1585 1968 1952 2047 temporibus
1993 1969 2276 2047 cepisset.

361 2065 507 2125 Pari
530 2064 710 2123 modo
732 2063 1004 2123 Marcelli
1024 2062 1284 2140 Claudii,
1305 2063 1727 2122 Marcellorum
1745 2083 1763 2133 3
1800 2063 2102 2142 Scipionis
2123 2065 2274 2124 Cor-

358 2161 503 2221 nelii
530 2172 593 2219 et
617 2160 795 2220 Fabii
824 2158 1096 2229 Maximi,
1124 2158 1454 2217 Fabiorum
1487 2170 1549 2219 et
1575 2159 1958 2219 AEmiliorum
1985 2182 2232 2239 quoque
2251 2182 2272 2223 e

362 2256 557 2334 quibis
577 2255 743 2314 libris
769 2255 917 2315 nihil
935 2266 1133 2333 potest
1160 2274 1294 2313 esse
1318 2242 1548 2312 dulcius
1575 2254 1668 2325 iis,
1689 2256 1794 2333 qui
1815 2255 2075 2331 aliquam
2103 2258 2270 2337 cupi-

362 2351 612 2409 ditatem
631 2352 853 2411 habent
869 2350 1096 2410 notitia-'2
1118 2350 1411 2409 clarorum
1431 2350 1708 2409 virorum.
1787 2350 2008 2429 Attigit
2027 2373 2268 2431 quoque

360 2444 657 2522 poeticam
682 2466 699 2503 t
769 2446 1085 2515 credimus,
1122 2464 1209 2503 ne
1263 2445 1394 2524 ejus
1453 2464 1670 2523 expers
1723 2456 1880 2504 esset
1937 2446 2266 2507 suavitatis.

364 2535 642 2611 Namque
670 2537 953 2607 versibus,
982 2538 1087 2615 qui
1112 2538 1338 2595 honore
1363 2558 1688 2615 rerumque
1723 2552 2022 2616 gestarum
2057 2540 2268 2619 ampli-

360 2628 565 2688 tudine
600 2641 833 2689 ceteros
863 2631 1121 2691 Romani
1154 2632 1362 2711 populi
1395 2632 1812 2711 praestiterunt,
1847 2635 2128 2711 exposuit
2167 2636 2266 2711 ita,

362 2736 429 2783 ut
456 2725 566 2781 sub
586 2723 959 2802 singulorum
980 2727 1340 2805 imaginibus
1360 2727 1516 2786 facta
1537 2727 2034 2806 magistratusque
2052 2712 2266 2809 eorum

359 2839 482 2877 non
538 2820 787 2898 amplius
839 2822 1139 2899 quaternis
1192 2823 1463 2901 quinisve
1501 2824 1786 2909 ‘versibus
1840 2823 2262 2904 descripserit:

362 2912 523 2991 quod
551 2914 651 2972 vix
686 2914 1051 2975 credendum
1077 2916 1171 2987 sit,
1201 2929 1394 2977 tantas
1427 2938 1525 2976 res
1559 2930 1682 2977 tam
1708 2918 1966 2977 breviter
1999 2922 2265 2998 potuisse

359 3010 668 3069 declarari.
741 3011 856 3071 Est
881 3011 1063 3071 etiam
1084 3032 1235 3071 unus
1257 3013 1427 3085 liber,
1446 3014 1662 3073 Graece
1685 3014 2006 3085 confectus,
2029 3015 2110 3075 de
2133 3037 2263 3075 con-

352 3105 557 3179 sulatu
587 3106 915 3167 Ciceronis.

440 3299 615 3359 XIX.
656 3300 974 3360 Hactenus
1012 3299 1213 3359 Attico
1255 3301 1390 3360 vivo
1429 3301 1592 3361 edita
1637 3302 1768 3361 baec
1817 3322 1852 3359 a
1892 3302 2065 3359 nobis
2115 3316 2260 3361 sunt.

264 3462 267 3465 ⁴
362 3395 563 3463 Nunc,
587 3396 865 3473 quoniam
892 3396 1129 3453 fortuna
1152 3414 1260 3452 nos
1289 3396 1638 3473 superstites
1665 3396 1724 3454 ei
1749 3416 1878 3454 esse
1901 3396 2108 3466 voluit,
2130 3399 2260 3455 reli-

352 3510 481 3566 ²qua
512 3510 959 3569 persequemur,
989 3502 1067 3559 et,
1096 3502 1380 3567 quantum
1414 3491 1802 3570 potuerimus,
1828 3510 2030 3549 rerum
2067 3512 2258 3553 exem-

361 3584 475 3662 plis
510 3586 761 3646 lectores
795 3585 1160 3657 docebimus,
1192 3585 1348 3645 sicut
1387 3604 1574 3666 supra
1613 3586 2092 3665 significavimuS,
2126 3608 2258 3647 suos

348 3678 582 3755 ,cuique
611 3701 805 3739 mores
837 3682 1193 3759 plerumque
1234 3680 1555 3741 conciliare
1589 3682 1898 3741 fortunam.
1981 3682 2258 3761 Namque
