2492 4392
384 382 505 443 110
1032 390 1333 437 conum-11
1371 392 1636 435 narona

378 529 571 609 magis
616 526 842 607 potenti
888 526 1165 585 adulatus
1216 538 1312 585 est
1356 524 1638 596 Antonio,
1682 538 1886 604 neque
1931 526 2291 607 desperatos

380 625 639 704 reliquit.

459 817 574 875 IX.
618 815 907 875 Secutum
946 826 1038 873 est
1068 814 1296 873 bellum
1345 826 1577 893 gestum
1617 812 1780 893 apud
1814 813 2130 873 Mutinam.
2215 814 2286 872 In

332 913 340 921 '
380 932 501 991 quo
540 911 591 971 si
620 922 849 969 tantum
890 929 1029 969 eum
1070 906 1428 989 prudentem
1467 908 1680 980 dicam,
1713 909 1928 979 minus,
1957 928 2139 986 quam
2183 910 2286 969 de·

378 1010 571 1076 beam,
601 1005 942 1086 praedicem,
964 1024 1148 1084 quum
1176 1004 1282 1063 ille
1310 1004 1510 1084 potius
1537 1004 1770 1063 divinus
1795 1004 2012 1064 fuer-itt
2055 1004 2108 1063 si
2137 1004 2285 1065 divi-

377 1102 541 1161 ‘natio
567 1101 923 1181 appellanda
950 1113 1039 1159 est
1058 1114 1354 1180 perpetua
1373 1099 1654 1159 naturalis
1674 1100 1920 1164 bonitas.
1939 1120 2075 1178 quse
2103 1100 2286 1159 nullis

378 1196 614 1256 casibus
652 1216 847 1273 neque
889 1196 1102 1275 agitur,
1128 1214 1328 1274 neque
1361 1194 1663 1254 minuitur.
1742 1192 1953 1253 Hostis
1979 1196 2286 1254 Antonius

378 1291 681 1370 judicatus
697 1291 873 1350 Italia
892 1304 1175 1362 cesseram
1210 1309 1348 1369 spes
1367 1290 1723 1349 restituendi
1741 1292 1906 1349 nulla
1927 1302 2070 1349 erat.
2141 1290 2288 1349 Non

378 1388 569 1445 solum
595 1386 838 1456 inimici,
867 1385 972 1463 qui
1000 1396 1127 1444 tum
1158 1398 1328 1445 erant
1359 1385 1752 1464 potentissimi
1785 1396 1848 1444 et
1881 1385 2148 1465 plurimi,
2177 1394 2288 1445 sed

380 1482 579 1553 etiam,
614 1482 715 1559 qui
750 1480 1097 1540 adversariis
1141 1482 1276 1560 ejus
1325 1501 1392 1539 se
1435 1480 1658 1539 dabant
1707 1491 1766 1539 et
1797 1481 1860 1538 in
1899 1500 1974 1539 eo
2006 1480 2288 1540 laedendo

382 1577 639 1654 aliquam
688 1588 1109 1635 consecuturos
1155 1576 1478 1654 sperabant
1524 1574 2122 1646 commendationem,
2159 1578 2286 1635 Au·
2341 1637 2355 1652 ,

378 1672 524 1731 tonii
544 1671 863 1731 familiares
890 1671 1386 1749 insequebantur;
1421 1688 1676 1730 uxorem
1699 1670 1977 1730 Fulviam
2003 1672 2287 1731 omnibus

378 1769 559 1827 rebus
584 1769 841 1848 spoliare
867 1768 1189 1847 cupiebant
1209 1790 1225 1839 ;
1260 1766 1482 1825 liberos
1505 1766 1684 1825 etiam
1707 1766 2092 1844 exstinguere
2112 1786 2288 1846 para·-

380 1864 540 1923 bant.
608 1854 871 1933 'Atticum
894 1882 1079 1941 quum
1101 1862 1412 1921 Ciceronis
1435 1862 1645 1921 intima
1661 1862 2060 1920 familiaritate
2083 1875 2287 1922 utere-

380 1973 494 2031 tur,
524 1960 911 2019 amicissimus
946 1970 1107 2018 esset
1132 1958 1344 2029 Bruto,
1369 1976 1492 2017 non
1533 1957 1712 2017 modo
1751 1956 1895 2015 nihil
1929 1957 2003 2016 iis
2035 1957 2290 2017 indulsit

380 2056 458 2115 ad
486 2057 811 2116 Antonium
844 2055 1204 2125 violandum,
1234 2054 1342 2114 sed
1375 2072 1410 2112 e
1449 2052 1748 2113 contrario
1787 2052 2110 2113 familiares
2151 2055 2288 2133 ejus

380 2172 458 2211 ex
486 2152 637 2211 urbe
664 2150 1089 2230 profugientes,
1118 2163 1406 2227 quantum
1431 2148 1641 2228 potuit,
1669 2148 1834 2219 texit,
1857 2148 2076 2227 quibus
2101 2150 2288 2209 rebus

376 2246 780 2324 indiguerunt,
828 2246 1069 2324 adjuvit.
1170 2244 1244 2303 P.
1280 2264 1422 2303 vero
1456 2244 1783 2303 Volumnio
1829 2264 1903 2303 ea
1947 2244 2171 2316 tribuit,
2217 2260 2287 2305 ut

377 2344 555 2420 plura
602 2363 637 2401 a
681 2352 930 2420 parente
976 2340 1274 2419 proficisci
1317 2358 1435 2397 non
1481 2339 1804 2418 potuerint.
1903 2338 2033 2419 Ipsi
2077 2354 2284 2400 autem

379 2436 629 2507 Fulviae,
663 2456 850 2513 quum
890 2435 1091 2493 litibus
1135 2434 1516 2492 distineretur
1561 2435 1908 2513 magnisque
1953 2436 2284 2496 terma-ibus

378 2542 713 2600 vexaretur,
734 2541 901 2587 tanta
927 2528 1240 2607 diligentia
1263 2528 1521 2587 officium
1547 2550 1722 2588 suum
1748 2531 2039 2609 praestitit,
2063 2543 2130 2591 ut
2153 2535 2283 2592 nul-

376 2625 502 2683 lum
534 2624 641 2682 illa
667 2624 884 2683 stiterit
910 2624 1314 2683 vadimonium
1346 2623 1474 2683 sine
1501 2624 1720 2695 Attiou,
1747 2626 1845 2685 hic
1878 2646 2125 2705 sponsor
2157 2648 2282 2687 om-

376 2719 543 2778 nium
584 2736 785 2778 rerum
818 2718 1014 2779 fuerit.
1112 2718 1283 2792 Quin
1317 2719 1517 2790 etiam,
1545 2740 1727 2798 quum
1759 2721 1862 2781 illa
1892 2722 2146 2781 fundum
2187 2744 2279 2783 se-

378 2815 573 2873 cunda
604 2815 839 2873 fortuna
876 2814 1123 2874 emisset
1151 2818 1217 2873 in
1253 2815 1433 2885 diem,
1464 2836 1660 2894 neque
1700 2830 1838 2896 post
1879 2818 2281 2877 calamitatem

376 2929 679 2968 versuram
699 2910 897 2969 facere
924 2909 1230 2989 potuisset,
1248 2910 1355 2970 ille
1379 2931 1445 2969 se
1467 2911 1819 2990 interposuit
1839 2912 2278 2992 pecuniamque

376 3006 503 3063 sine
550 2997 755 3065 fenore
797 3005 1043 3083 sineque
1082 3007 1209 3064 ulla
1246 3004 1630 3086 stipulatione
1675 3008 1735 3065 ei
1775 3007 2054 3081 credidit3
2091 3010 2280 3068 maxi·

374 3120 538 3159 mum
564 3100 915 3160 existimans
936 3112 1246 3179 quaestum,
1265 3116 1596 3161 memorem
1624 3114 1979 3181 gratumque
2001 3108 2286 3182 cognosci,

376 3196 669 3273 simulque
714 3195 970 3275 aperire,
1004 3216 1071 3255 se
1108 3216 1231 3256 nou
1265 3197 1535 3268 fortunae,
1570 3196 1677 3256 sed
1708 3198 2046 3257 hominibus
2085 3202 2284 3259 solere

374 3312 507 3351 esse
540 3293 814 3351 amicum.
896 3292 1059 3365 Quoe
1092 3312 1274 3370 quum
1309 3294 1581 3364 faciebat,
1610 3312 1788 3351 nemo
1817 3312 1959 3351 eum
1991 3296 2282 3373 temporis

375 3406 558 3447 eausa
578 3388 777 3447 facere
798 3398 1037 3465 poterat
1062 3387 1424 3446 existimare.
1506 3386 1753 3445 Nemini
1772 3388 1934 3447 enim
1957 3389 2019 3446 in
2049 3390 2282 3467 opinio-

372 3502 509 3541 nem
544 3484 843 3553 veniebat,
873 3482 1197 3541 Antonium
1230 3502 1436 3541 rerum
1468 3482 1817 3561 potiturum.
1899 3484 2024 3543 Sed
2057 3486 2282 3545 sensim

373 3577 424 3635 is
458 3598 493 3636 a
524 3579 821 3639 nonnullis
857 3578 1247 3658 optimatibus
1280 3576 1846 3655 reprehendebatur,
1873 3578 2033 3656 quod
2066 3600 2281 3658 parum

374 3672 573 3731 odisse
596 3677 781 3733 malos
801 3673 961 3732 cives
976 3673 1297 3732 videretur.
1345 3672 1459 3729 Ille
1481 3672 1803 3741 autem,sui
1811 3670 2049 3750 judicii,
2059 3676 2281 3753 potius,

376 3766 519 3841 quid
546 3786 613 3824 se
638 3767 843 3826 facere
866 3787 978 3845 par
1002 3779 1179 3838 esset,
1200 3766 1562 3838 intuebatur,
1581 3784 1758 3844 quam
1779 3766 1925 3845 quid
1955 3766 2057 3827 alii
2073 3768 2282 3830 iauda-

376 3858 493 3914 turi
521 3858 733 3917 forent.
