2492 4392
669 361 818 405 swa
853 348 934 404 ns
969 362 1583 407 summeverae-cn.
1610 360 1717 404 xx.
2078 348 2162 406 2⁷

238 488 364 549 finis
385 490 676 571 optimus,
697 513 834 551 cum
855 494 1088 573 integra
1107 495 1679 572 mente,.ceterisque
1700 492 1990 562 sensibus,
2008 513 2161 572 opus

239 586 366 663 ipsa
389 608 572 647 suum
605 588 844 657 eadem,
863 610 996 665 quae
1025 590 1477 667 coagmentavit,
1494 604 1707 648 natura
1729 588 2013 646 dissolvit.
2072 588 2162 647 Ut

235 700 466 753 navem,
515 697 590 742 ut
644 683 966 741 aedificium
1013 684 1174 742 idem
1225 685 1479 743 destruit
1526 685 1828 753 facillime,
1874 683 1976 760 qui
2023 703 2159 742 con-

237 779 484 849 struxit,
533 780 625 837 sic
659 778 965 837 hominem
1001 779 1212 837 eadem
1258 780 1503 859 optime,
1520 800 1665 857 qnae
1710 764 2155 855 conglutinavit,

235 886 444 931 natura
475 874 774 931 dissolvit.
854 874 898 932 J
901 894 1004 931 am
1031 874 1223 932 omnis
1262 875 1685 952 conglutinatio
1718 894 1929 931 recens
1970 893 2153 951 aegre,

238 965 568 1027 inveterata
611 968 790 1027 facile
841 968 1156 1028 divellitur.
1237 969 1335 1027 Ita
1378 970 1462 1039 fit,
1498 982 1564 1027 ut
1605 968 1753 1026 illud
1786 969 1973 1027 breve
2014 970 2153 1028 vitae

237 1062 534 1139 reliquum
569 1082 686 1121 nec
720 1063 894 1121 avide
927 1063 1335 1143 appetendum
1371 1064 1628 1133 senibus,
1656 1084 1769 1121 nec
1812 1063 1941 1122 sine
1976 1084 2154 1123 causa.

241 1155 639 1217 deserendum
667 1158 780 1216 sit:
825 1164 919 1217 73.
947 1171 1226 1236 vetatque
1247 1159 1621 1236 Pythagoras
1650 1158 1875 1236 injussu
1901 1158 2153 1237 impera-

215 1252 394 1321 toris,
434 1253 504 1311 id
537 1266 650 1324 est,
679 1254 798 1323 dei,
827 1254 904 1313 de
946 1254 1222 1333 praesidio
1265 1268 1325 1311 et
1364 1254 1615 1312 statione
1653 1254 1795 1312 vitae
1834 1253 2149 1318 decedere.

241 1345 478 1406 Solonis
507 1349 754 1425 quidem
789 1349 1071 1427 sapientis
1100 1348 1375 1425 elegeion
1400 1362 1511 1419 est,
1542 1370 1659 1427 quo
1692 1369 1757 1407 ne
1782 1362 1967 1427 negat
1994 1350 2151 1409 velle

241 1462 402 1500 suam
435 1458 689 1501 mortem
717 1444 926 1501 dolore
954 1444 1278 1504 amicorum
1308 1456 1367 1501 et
1386 1444 1657 1502 lamenti·
1678 1464 1909 1503 vacare.
1981 1444 2148 1515 Vult,

239 1538 438 1608 crede,
464 1558 530 1597 se
565 1559 696 1597 esse
730 1558 933 1597 carum
967 1538 1123 1597 suis:
1167 1539 1276 1597 sed
1302 1539 1464 1597 haud
1496 1540 1641 1609 scie,
1672 1559 1747 1597 an
1783 1540 1995 1598 melius
2023 1540 2147 1598 En-

237 1632 400 1694 nius:
1486 1644 1488 1647 ⁴

439 1730 624 1789 Nemo
649 1748 740 1787 me
763 1730 1030 1787 lacrimis
1055 1729 1293 1800 decoret,
1320 1750 1497 1807 neque
1511 1705 1743 1809 funerei
1767 1732 1925 1807 fletu

439 1826 648 1883 Faaeit.

241 1920 384 1979 Non
427 1932 636 1979 censet
674 1918 994 1997 lugendam
1037 1938 1168 1977 esse
1209 1931 1477 1987 mortem,
1512 1936 1695 1996 quam
1734 1915 2146 1976 immortalitas

240 2028 654 2094 consequatur.
737 2020 829 2073 74.
846 2014 890 2072 J
894 2034 989 2073 am
1008 2012 1214 2072 sensus
1237 2012 1529 2071 moriendi
1552 2012 1763 2087 aliquis
1782 2030 1912 2069 esse
1935 2024 2145 2089 potest,

239 2113 410 2189 ίεῳιο
445 2110 524 2169 ad
551 2106 836 2189 exiguum
869 2122 1120 2188 tempus,
1149 2104 1480 2187 praesertim
1514 2106 1677 2165 seni:
1722 2118 1859 2184 post
1892 2119 2147 2165 mortem

240 2202 486 2285 quidem
503 2226 712 2265 sensus
729 2217 830 2263 aut
845 2205 1153 2282 optandus,
1173 2216 1273 2261 aut
1287 2204 1485 2260 nullus
1504 2214 1611 2261 est.
1692 2200 1818 2259 Sed
1833 2202 1947 2260 hoc
1964 2202 2149 2261 medi·

240 2308 428 2356 taxum
457 2298 532 2355 ab
561 2297 962 2355 adolescentia
981 2296 1172 2356 ‘debet
1199 2316 1352 2367 esse,
1371 2308 1625 2355 mortem
1651 2308 1719 2354 ut
1745 2296 2149 2375 negligamus:

241 2393 368 2449 sine
400 2412 520 2469 qua
551 2392 954 2462 meditatione,
981 2393 1301 2471 tranquillo
1335 2412 1467 2451 esse
1502 2393 1699 2451 animo
1732 2412 1909 2450 nemo
1937 2404 2149 2470 potest.

247 2487 630 2547 Moriendum
657 2488 816 2545 enim
843 2502 1006 2547 certe
1033 2502 1142 2558 est,
1167 2502 1229 2547 et
1247 2489 1319 2546 id
1330 2490 1644 2559 incertum,
1668 2510 1742 2547 an
1772 2510 1845 2547 eo
1872 2489 2005 2567 ipso
2034 2488 2148 2548 die.

243 2581 500 2641 Mortem
519 2582 701 2660 igitur
726 2581 1002 2643 omnibus
1019 2585 1178 2641 horis
1197 2584 1645 2662 impendentem
1672 2584 1885 2643 timens
1922 2585 2023 2661 qui
2044 2604 2149 2663 po-

241 2679 380 2737 terit
399 2678 598 2736 animo
619 2678 978 2738 consistere?
1059 2679 1159 2737 De
1177 2700 1300 2756 qua
1318 2700 1431 2739 non
1451 2680 1535 2739 ita
1550 2682 1729 2759 longa
1746 2681 2149 2759 disputatione

242 2793 388 2852 opus
429 2792 560 2831 esse
600 2772 850 2851 videtur,
885 2794 1022 2832 cum
1062 2774 1362 2844 recorder,
1394 2795 1511 2833 non
1548 2776 1620 2833 L.
1644 2777 1897 2833 Brutum
1953 2776 2055 2852 qui
2086 2776 2149 2833 in

239 2868 548 2927 liberanda
621 2863 633 2879 ’
655 2868 768 2926 tria
801 2882 890 2927 est
922 2868 1297 2940 interfectus;
1348 2875 1441 2929 75.
1474 2891 1591 2929 non
1620 2871 1741 2929 duo
1770 2871 2014 2941 Decios,
2044 2872 2149 2948 qui

241 2964 313 3023 ad
355 2880 764 3149 wluffiam
797 2978 1052 3023 mortem
1101 2985 1339 3023 cursum
1389 2985 1675 3043 equorum
1717 2966 2144 3039 incitaverunt3

238 3079 353 3117 non
384 3059 451 3117 M
575 3059 742 3116 ilium
781 3060 882 3136 qui
912 3058 986 3117 ad
1015 3056 1379 3139 supplicium
1410 3075 1505 3120 est
1531 3062 1853 3141 profectus,
1870 3075 1939 3120 ut
1964 3062 2148 3121 fidem

237 3154 388 3212 hosti
431 3138 626 3213 daiam
686 3168 1096 3226 conservaret,
1163 3176 1281 3213 non
1336 3157 1459 3216 duo
1507 3156 1840 3236 Scipiones,
1882 3158 1987 3233 qui
2034 3158 2149 3215 iter

238 3238 444 3307 Poenis
463 3251 560 3309 vel
583 3247 932 3328 corporibus
959 3250 1080 3308 suis
1109 3251 1421 3311 obstruere
1441 3254 1787 3323 voluerunt3
1822 3270 1944 3309 non
1972 3268 2147 3307 avum

237 3358 404 3403 tuum
429 3346 506 3403 L.
523 3345 804 3414 Paulum,
828 3346 930 3422 qui
955 3358 1146 3403 morte
1165 3346 1276 3405 luit
1302 3342 1546 3425 collegae
1574 3347 1636 3405 in
1660 3342 1961 3405 Cannensi
1982 3344 2150 3419 igno-

237 3441 422 3499 minia
441 3441 878 3512 temeritatem,
911 3462 1030 3499 non
1055 3441 1140 3499 M.
1159 3442 1535 3511 Marcellum,
1555 3443 1723 3519 cujus
1744 3435 2051 3494 interitum
2071 3456 2151 3494 ne

241 3537 683 3603 crudelissimus
712 3535 952 3613 quidem
971 3536 1156 3593 hostis
1175 3537 1405 3593 honore
1432 3538 1753 3612 sepulturae
1784 3548 1991 3586 carere
2020 3550 2151 3606 pas-

240 3650 336 3691 sus
361 3646 490 3691 est.
535 3631 644 3691 sed
673 3626 940 3709 legiones
971 3624 1210 3690 nostras
1241 3628 1428 3705 (quod
1456 3628 1667 3706 scripsi
1692 3626 1753 3681 in
1780 3622 2151 3699 Originibus)

239 3727 298 3785 in
327 3748 466 3787 eum
491 3746 660 3806 saepe
681 3728 882 3785 locum
907 3725 1206 3804 profectas
1234 3722 1414 3781 alacri
1442 3722 1639 3781 animo
1666 3731 1727 3778 et
1752 3728 1974 3789 erecto,
1991 3719 2157 3778 unde
