2492 4392
333 377 376 435 6
757 392 862 470 ιιι.
893 393 955 436 τ.
987 393 1318 450 cmmoms
1354 395 1521 438 cuo
1556 395 1785 448 amos,

335 523 568 584 dentur.
633 523 746 584 Est
765 525 947 584 etiam
967 526 1189 604 quiete,
1206 538 1267 584 et
1282 547 1455 604 pure,
1472 539 1535 584 et
1556 528 1865 605 eleganter
1886 534 2033 590 aetae
2054 529 2248 589 aetatis

335 620 573 698 placida
599 641 668 678 sc
695 621 847 679 lenis
874 636 1170 690 senectus,
1193 624 1432 699 qualem
1460 623 1803 704 accepimus
1824 623 2111 694 Platonis,
2136 626 2247 702 qui

335 736 456 773 uno
497 729 558 774 et
599 717 964 793 octogesimo
1013 738 1167 775 anno
1214 717 1479 775 scribens
1516 731 1781 776 mortuus
1822 731 1949 791 est3
2000 723 2246 797 qualem

334 809 632 880 IsocratiS‚
663 811 765 888 qui
798 833 939 870 eum
973 813 1208 884 librum,
1237 814 1339 890 qui
1368 813 1844 872 Panathenaicus
1881 815 2245 886 inscribitur,

335 919 544 984 quarto
585 919 647 964 et
685 901 1074 985 nonagesimo
1114 929 1269 967 anno
1316 909 1629 988 scripsisse
1676 931 1741 968 se
1784 908 1942 980 dicit,
1978 912 2245 988 vixitque

333 1002 804 1080 quinquennium
825 1017 1067 1082 postes:
1112 1006 1283 1083 eujus
1310 1004 1599 1084 magister
1614 1005 1945 1065 Leontinus
1980 1007 2245 1086 Gorgias

335 1111 574 1156 centum
597 1111 658 1156 et
677 1113 908 1177 septem
939 1100 1262 1177 complevit
1292 1120 1503 1170 annos,
1543 1121 1739 1178 neque
1766 1122 2021 1178 unquam
2042 1102 2101 1160 in
2132 1121 2249 1162 suo

335 1194 534 1252 studio
563 1209 738 1271 atque
767 1215 952 1273 opere
981 1196 1258 1254 cessavit.
1340 1196 1485 1267 Qui,
1506 1217 1644 1254 cum
1666 1217 1745 1254 ex
1768 1216 1841 1254 eo
1860 1211 2248 1274 quaereretur,

337 1311 443 1348 cur
481 1291 710 1349 tamdiu
744 1291 925 1349 vellet
965 1311 1095 1349 esse
1129 1291 1191 1348 in
1225 1291 1379 1350 vitu:
1424 1293 1601 1350 Nihil
1632 1293 1831 1360 habeo,
1860 1293 2065 1370 inquit,
2090 1293 2251 1369 quod

337 1405 590 1444 accusem
619 1376 966 1444 senectutem.
1051 1390 1142 1444 14.
1179 1385 1551 1444 Praeclarum
1584 1381 1949 1466 responsum,
1980 1390 2045 1446 et'
2066 1387 2247 1448 docto

337 1481 578 1540 homine
625 1481 912 1560 dignum!
1009 1482 1138 1540 Sua
1179 1482 1337 1540 enim
1382 1482 1527 1541 vitia
1568 1483 1931 1561 insipientes,
1964 1497 2025 1542 et
2068 1503 2257 1555 susm-

339 1579 571 1654 culpam
613 1577 672 1635 in
713 1590 1080 1650 senectutem
1120 1576 1470 1648 conferuut3
1516 1579 1677 1658 quod
1716 1568 1835 1638 non
1874 1579 2135 1648 [sciebat
2173 1580 2249 1652 ie,

339 1675 506 1752 cujus
534 1673 714 1732 modo
741 1675 1100 1732 mentionem
1127 1673 1262 1743 feci,
1291 1675 1549 1742 Ennius,

579 1771 946 1849 Sicut-fortis
971 1791 1162 1848 equus,
1189 1771 1385 1848 spatio
1412 1772 1516 1848 qui
1542 1791 1689 1848 saepe
1712 1772 1968 1848 supremo

590 1868 742 1926 Vzcic
771 1868 1073 1942 Olympia,
1093 1887 1243 1924 nunc
1270 1868 1425 1924 senio
1450 1867 1723 1946 confiat&
1746 1867 1998 1944 quiescit.
2018 1895 2023 1904 ·

339 1961 502 2040 Equi
535 1957 700 2020 fortis
742 1974 804 2022 et
845 1962 1086 2021 victoris
1132 1962 1425 2020 senectuti
1464 1975 1776 2041 comparat
1814 1983 2017 2023 susm:
2066 1983 2251 2040 quem

339 2059 586 2136 quidem
625 2060 814 2137 probe
857 2059 1197 2117 meminisse
1233 2058 1501 2138 potestis.
1583 2060 1765 2117 Anno
1806 2059 1965 2117 enim
2006 2059 2251 2118 undevi-

340 2154 564 2212 cesimo
604 2169 738 2232 post
777 2156 907 2233 ejus
932 2168 1200 2214 'mortem
1237 2155 1302 2212 hi
1344 2156 1638 2224 eonsules,
1678 2156 1751 2214 T.
1787 2155 2154 2214 Flamininus
2188 2167 2253 2214 et

340 2250 446 2308 Μ’.
468 2250 718 2319 Acilius,
745 2250 887 2308 facti
921 2265 1091 2309 sunt:
1133 2251 1236 2308 ille
1270 2264 1491 2324 autem,
1521 2251 1831 2328 Caepione,
1867 2265 1929 2310 et
1960 2252 2251 2330 Philippo

339 2347 574 2417 iterum,
597 2340 952 2414 oonsulibus,
976 2355 1247 2407 mortuus
1276 2357 1382 2416 est,
1404 2367 1542 2405 cum
1574 2367 1693 2424 ego
1718 2347 1964 2424 quidem
1990 2348 2252 2425 quinque

341 2454 402 2498 et
443 2441 754 2518 sexaginta
795 2461 976 2498 annos
1015 2454 1206 2508 natuS,
1234 2442 1440 2518 legem
1466 2442 1804 2504 Voconiam
1846 2463 2059 2522 magna
2085 2463 2251 2512 voce,

341 2549 403 2594 et
442 2537 608 2593 bonis
649 2535 932 2594 lateribus
977 2535 1317 2594 suasissem.
1397 2538 1607 2596 Annos
1654 2538 2029 2617 septuaginta
2076 2551 2252 2598 natus

343 2633 456 2710 (tot
489 2631 648 2688 enim
681 2631 830 2688 vixit
859 2630 1116 2708 Ennius)
1147 2631 1229 2689 ita
1257 2627 1490 2691 ferebat
1516 2633 1655 2704 duc,
1684 2655 1815 2711 quae
1850 2635 2111 2694 maxima
2144 2656 2252 2714 pu·

339 2740 555 2795 tantur,
599 2747 798 2796 onera,
840 2740 1252 2806 paupertatem
1300 2742 1363 2787 et
1408 2743 1797 2800 senectutem,
1840 2744 1906 2790 ut
1952 2731 2039 2790 eis
2078 2752 2253 2810 paene

341 2821 624 2880 delectari
646 2822 968 2882 videretur.
1053 2828 1144 2882 15.
1181 2824 1445 2894 Etenim,
1470 2846 1608 2884 cum
1636 2828 2010 2904 contemplor
2037 2827 2252 2897 anime,

341 2934 599 2996 quatuor
650 2920 888 2998 reperio
935 2939 1162 2989 causas,
1209 2941 1317 2979 eur
1360 2935 1635 2980 senectus
1681 2922 1899 2981 misera
1944 2922 2251 2983 videatur:

342 3037 538 3082 unam,
567 3016 730 3092 quod
760 3029 968 3074 avocet
1001 3037 1036 3074 a
1069 3015 1248 3074 rebus
1284 3017 1595 3094 gerendis3
1641 3019 1904 3085 alteram,
1934 3016 2097 3094 quod
2126 3039 2251 3076 eor-

342 3133 456 3190 pus
499 3112 674 3169 faciat
715 3112 1038 3183 infirmius;
1093 3113 1350 3182 tertiam,
1386 3113 1542 3191 quod
1575 3113 1771 3191 privet
1810 3114 2085 3172 omnibus
2125 3115 2253 3173 fere

342 3208 777 3286 voluptatibus3
824 3221 1114 3285 quartam,
1143 3208 1303 3287 quod
1337 3209 1494 3267 haud
1529 3210 1741 3287 procul
1778 3209 1933 3267 absit
1972 3229 2007 3267 a
2047 3223 2253 3270 morte.

343 3303 588 3373 Earum,
613 3303 663 3361 si
686 3287 901 3382 plecet,
925 3325 1238 3362 causarum
1262 3317 1497 3381 quanta,
1523 3323 1819 3381 quamque
1840 3303 1915 3362 sit
1932 3305 2095 3383 justa
2113 3325 2253 3363 una-

344 3419 616 3477 quaeque,
645 3399 973 3458 videamus.

424 3591 540 3650 VI·
589 3591 2255 3678 &hus-gerendissflflnnsthlffiv—Quibuss

346 3687 443 3746 An
489 3686 578 3756 iis,
626 3709 760 3764 quae
795 3689 1114 3767 juventute
1164 3701 1453 3768 geruntur
1498 3701 1561 3746 et
1608 3688 1876 3766 viribusZ
1978 3689 2259 3750 Nullaene

345 3781 528 3859 igitur
553 3803 648 3840 res
680 3796 815 3842 sunt
841 3784 1076 3853 seniles,
1099 3804 1251 3862 quae,
1274 3785 1368 3843 vel
1396 3783 1645 3842 infirmis
1674 3783 2037 3862 corporibus,
2066 3784 2261 3844 animo
