2492 4392
357 354 446 414 24
821 371 890 411 M.
921 371 980 411 T.
1017 371 1345 412 ciensoms
1382 371 1549 411 caro
1586 370 1815 422 nasos,

785 433 816 456 ’ν

352 520 646 578 nusquam
669 501 827 559 enim
855 513 1082 558 tantum
1110 501 1392 560 tribuitur
1416 501 1595 569 aetati,
1618 486 1909 579 nusquam
1940 513 2029 560 est
2056 521 2277 560 senec·

355 611 450 656 tus
478 597 835 656 honoratior.
919 596 1088 667 Quin
1119 597 1305 654 etiam
1332 598 1639 655 memoriae
1668 597 1968 676 proditum
1998 609 2109 666 est,
2134 617 2277 655 cum

354 693 630 761 Athenis,
658 691 833 761 ludis,
863 691 1106 768 quidam
1135 692 1198 749 in
1227 693 1529 750 theatrum
1558 692 1795 769 grandis
1820 704 1964 750 natu
1992 693 2276 762 venisset,

353 788 416 846 in
447 807 686 867 magnox
699 806 980 844 consessu
1008 788 1204 845 locum
1237 806 1531 864 nusquam
1572 788 1633 844 ei
1666 787 1869 845 datum
1904 808 1940 845 a
1968 789 2095 847 suis
2128 788 2278 846 civi-

353 885 501 944 bus:
547 905 682 942 cum
712 897 913 941 autem
941 885 1016 941 ad
1045 883 1534 944 Lacedaemonios
1558 883 1921 952 accessisset,
1942 884 2063 962 qui,
2084 884 2278 962 legati

303 993 322 1013 ⁸
353 1000 492 1038 cum
525 993 741 1049 esseut,
771 993 932 1038 certo
965 979 1026 1036 in
1060 981 1194 1037 loco
1235 978 1640 1048 consederant,
1671 980 2111 1038 consurrexisse
2144 999 2277 1038 om-

325 1144 330 1152 ,
354 1095 480 1145 nes,
503 1088 565 1134 et
591 1095 796 1134 senem
820 1075 987 1134 illum
1015 1095 1242 1134 sessum
1276 1074 1591 1152 recepisse.
1674 1080 1771 1132 64.
1802 1075 2042 1146 Quibus
2070 1093 2207 1133 cum
2234 1095 2279 1134 a

355 1184 572 1229 cuncto
599 1189 880 1242 consessu
907 1171 1150 1248 plausus
1179 1183 1340 1228 esset
1372 1170 1687 1248 multiplex
1716 1170 1906 1239 datus,
1936 1170 2155 1228 dixisse
2186 1191 2279 1230 ex

353 1266 426 1324 iis
469 1265 784 1343 quendam,
827 1265 1230 1324 Athenienses
1276 1266 1449 1334 scire,
1490 1285 1627 1343 quae
1675 1279 1843 1324 recta
1888 1279 2109 1336 essent,
2156 1266 2277 1324 sed

356 1362 559 1419 facere
583 1362 764 1419 nolle.
847 1361 1042 1418 Multa
1063 1361 1124 1417 in
1143 1373 1347 1419 nostro
1368 1361 1627 1439 collegio
1646 1363 1961 1439 praeclara:
1998 1363 2104 1420 sed
2128 1363 2276 1432 hoc,

355 1456 434 1514 de
465 1475 590 1532 quo
629 1455 879 1534 agimus,
894 1450 974 1512 'in
1017 1456 1242 1534 primis,
1278 1455 1457 1532 quod,
1486 1469 1555 1514 ut
1586 1457 1839 1535 quisque
1880 1471 2059 1516 aetate
2102 1471 2279 1516 ante-

355 1551 534 1620 cedit,
561 1552 646 1610 ita
683 1551 992 1609 sententias
1025 1551 1427 1630 principatum
1460 1565 1657 1610 tenett
1700 1573 1899 1630 neque
1938 1555 2131 1612 solum
2164 1555 2279 1611 ho-

356 1664 501 1704 nore
531 1647 1037 1714 antecedentibus,
1065 1646 1169 1704 sed
1197 1647 1269 1703 iis
1298 1647 1497 1714 etiam,
1527 1647 1631 1724 qui
1658 1668 1797 1706 cum
1824 1648 2080 1726 imperio
2110 1661 2279 1720 sunt,

324 1747 336 1757 '
356 1745 610 1823 majores
653 1758 798 1802 natu
849 1763 1108 1822 augures
1157 1757 1615 1822 anteponuntur.
1698 1745 1857 1816 Quae
1904 1757 2040 1802 sunt
2080 1745 2283 1822 igitur

356 1842 688 1919 voluptates
711 1839 978 1918 corporis
997 1859 1133 1898 cum
1152 1839 1513 1896 auctoritatis
1530 1841 1790 1917 praemiis
1812 1841 2235 1918 comparandae
2252 1841 2283 1900 'l

357 1935 573 2011 quibus
617 1935 718 2012 qui
759 1933 1074 2014 splendide
1115 1935 1212 1992 usi
1258 1946 1413 2002 sunt,
1440 1934 1484 1991 ii
1520 1935 1663 1992 mihi
1698 1934 1971 1992 videntur
2008 1934 2280 1993 fabulam

355 2030 546 2089 aetatis
587 2031 915 2109 peregisse,
949 2050 1062 2089 nec
1103 2043 1403 2107 tamquam
1444 2030 1817 2088 inexercitati
1852 2029 2167 2090 histriones
2208 2031 2279 2090 in

357 2140 626 2186 extremo
657 2139 793 2185 actu
823 2127 1138 2185 corruisse.
1217 2131 1317 2184 65.
1352 2126 1440 2184 At
1472 2138 1611 2184 suut
1644 2125 1880 2196 morosi,
1912 2139 1971 2184 et
2000 2127 2181 2196 anxii,
2210 2139 2281 2184 et

357 2222 642 2292 iracundi,
671 2237 734 2280 et
761 2222 1030 2281 difficiles
1065 2241 1279 2280 senes:
1322 2222 1373 2279 si
1406 2222 1747 2297 quaerimus,
1776 2221 1954 2280 etiam
1990 2224 2151 2280 avari
2172 2223 2281 2280 1-

356 2317 482 2374 Sed
508 2319 642 2375 haec
663 2336 896 2374 morum
921 2318 1062 2375 vitia
1089 2330 1248 2386 sunt,
1272 2335 1390 2374 non
1417 2317 1761 2375 senectutis.
1838 2318 1935 2374 Ac
1960 2318 2277 2376 morositas

356 2423 576 2480 tamen,
605 2425 668 2470 et
699 2431 773 2468 ea
803 2411 962 2480 vitia,
991 2431 1128 2487 quae
1161 2409 1307 2479 dixi,
1334 2411 1559 2468 habent
1591 2412 1813 2487 aliquid
1848 2411 2275 2482 excusationis,

353 2525 475 2564 non
510 2505 666 2562 illius
699 2505 940 2582 quidem
958 2506 1160 2583 justae,
1188 2504 1296 2562 sed
1325 2523 1459 2582 quae
1485 2505 1726 2583 probari
1750 2527 1927 2586 posse
1956 2506 2231 2566 videatur
2256 2527 2273 2566 z

355 2600 654 2659 contemni
701 2620 768 2658 se
813 2611 1040 2678 putant,
1073 2599 1324 2678 despici,
1358 2599 1564 2673 illudi;
1624 2615 1913 2680 praeterea
1960 2603 2022 2660 in
2070 2603 2276 2681 fragili

357 2715 606 2773 corpore
651 2695 857 2754 odiosa
901 2695 1092 2754 omnis
1139 2695 1389 2754 offensio
1436 2709 1541 2756 est.
1624 2696 1783 2768 Quae
1826 2712 2025 2756 tamen
2070 2693 2276 2758 omnia

357 2791 624 2849 dulciora
649 2791 802 2850 fiunt
833 2805 894 2848 et
927 2792 1191 2849 moribus
1218 2791 1410 2864 bonis,
1440 2805 1503 2850 et
1536 2793 1793 2851 artibus:
1820 2793 2003 2869 idque
2038 2813 2176 2851 cum
2206 2795 2272 2853 in

355 2889 492 2956 vita,
516 2901 648 2946 tum
681 2889 741 2946 in
783 2909 966 2948 scena
998 2888 1250 2966 intelligi
1283 2902 1481 2967 potest
1514 2909 1593 2948 ex
1627 2890 1699 2947 iis
1730 2889 2033 2957 fratribus,
2062 2891 2167 2967 qui
2202 2891 2272 2949 in

357 2984 654 3062 Adelphis
681 2997 831 3043 sunt.
914 2984 1162 3056 Quanta
1189 2983 1248 3040 in
1286 2985 1469 3042 altero
1498 2985 1744 3054 duritas,
1774 2985 1835 3041 in
1864 2986 2055 3044 altero
2084 2986 2272 3042 comi-

353 3093 440 3138 tas
463 3082 477 3139 !
561 3079 660 3137 Sic
689 3100 756 3138 se
779 3100 877 3138 res
899 3079 1112 3138 habet:
1149 3093 1218 3137 ut
1243 3079 1405 3138 enim
1433 3099 1551 3139 non
1580 3100 1755 3138 omne
1783 3079 2004 3149 vinum,
2028 3081 2114 3138 sic
2143 3101 2271 3139 non

354 3171 547 3231 omnis
581 3186 725 3230 aetas
755 3185 1042 3230 vetustate
1077 3173 1355 3230 coece-sit.
1436 3173 1830 3232 Severitatem
1856 3173 1917 3229 in
1950 3186 2269 3232 senectute

353 3271 562 3348 probe,
589 3268 697 3326 sed
732 3289 870 3326 eam
905 3268 1086 3346 (sicut
1121 3268 1260 3344 alia)
1296 3267 1627 3326 modicam:
1674 3268 2063 3326 acerbitatem
2096 3270 2267 3327 nullo

353 3365 548 3424 modo.
621 3370 726 3423 66.
758 3364 1030 3422 Avaritia
1056 3384 1201 3421 vero
1225 3363 1430 3421 senilis
1458 3363 1601 3439 quid
1629 3364 1743 3422 sibi
1767 3364 1924 3432 velit,
1942 3383 2061 3422 non
2090 3364 2265 3422 intel-

351 3462 490 3538 lige.
571 3460 780 3518 Potest
817 3460 981 3518 enim
1015 3458 1337 3538 quidquam
1378 3477 1508 3515 esse
1550 3457 1880 3528 absurdius,
1911 3479 2109 3536 quam,
2140 3479 2263 3536 quo

352 3557 548 3614 minus
571 3556 684 3614 viae
711 3567 911 3625 restat,
941 3575 1014 3613 eo
1041 3556 1176 3634 plus
1199 3553 1401 3611 viatici
1428 3573 1695 3632 quaerere
1719 3555 1743 3612 2

429 3745 605 3803 xlx.
646 3744 888 3816 Quarta
917 3756 1102 3804 restat
1131 3764 1331 3816 causa,
1364 3765 1493 3823 quae
1528 3746 1787 3806 maxime
1822 3767 2043 3825 angere
2078 3759 2261 3826 atque
