<?xml version="1.0" encoding="UTF-8"?>
<!DOCTYPE html PUBLIC "-//W3C//DTD XHTML 1.0 Transitional//EN"
    "http://www.w3.org/TR/xhtml1/DTD/xhtml1-transitional.dtd">
<html xmlns="http://www.w3.org/1999/xhtml" xml:lang="en" lang="en">
 <head>
  <title>
</title>
<meta http-equiv="Content-Type" content="text/html;charset=utf-8" />
  <meta name='ocr-system' content='tesseract 3.04.00' />
  <meta name='ocr-capabilities' content='ocr_page ocr_carea ocr_par ocr_line ocrx_word'/>
</head>
<body>
  <div class='ocr_page' id='page_1' title='image "./desenectutedeam01anthgoog_0078.png"; bbox 0 0 2492 4392; ppageno 0'>
   <div class='ocr_carea' id='block_1_1' title="bbox 536 361 2104 428">
    <p class='ocr_par' dir='ltr' id='par_1_1' title="bbox 536 361 2104 428">
     <span class='ocr_line' id='line_1_1' title="bbox 536 361 2104 428; baseline 0.003 -11"><span class='ocrx_word' id='word_1_1' title='bbox 536 376 689 417; x_wconf 72' lang='lat' dir='ltr'><strong>exva</strong></span> <span class='ocrx_word' id='word_1_2' title='bbox 723 375 819 426; x_wconf 60' lang='lat' dir='ltr'><strong>na,</strong></span> <span class='ocrx_word' id='word_1_3' title='bbox 850 374 1389 422; x_wconf 52' lang='lat' dir='ltr'><strong>Amorum—car.</strong></span> <span class='ocrx_word' id='word_1_4' title='bbox 1411 373 1566 428; x_wconf 73' lang='lat'>111..</span> <span class='ocrx_word' id='word_1_5' title='bbox 1591 375 1754 420; x_wconf 78' lang='lat'>1111.</span> <span class='ocrx_word' id='word_1_6' title='bbox 2027 361 2104 422; x_wconf 73' lang='lat'><strong>01</strong></span> 
     </span>
    </p>
   </div>
   <div class='ocr_carea' id='block_1_2' title="bbox 184 505 2218 3459">
    <p class='ocr_par' dir='ltr' id='par_1_2' title="bbox 184 505 2218 3459">
     <span class='ocr_line' id='line_1_2' title="bbox 186 505 2115 589; baseline 0.002 -23"><span class='ocrx_word' id='word_1_7' title='bbox 186 508 371 589; x_wconf 80' lang='lat' dir='ltr'><strong>potius</strong></span> <span class='ocrx_word' id='word_1_8' title='bbox 408 505 729 576; x_wconf 78' lang='lat' dir='ltr'><strong>amicitiae,</strong></span> <span class='ocrx_word' id='word_1_9' title='bbox 758 525 941 583; x_wconf 90' lang='lat' dir='ltr'><strong>quam</strong></span> <span class='ocrx_word' id='word_1_10' title='bbox 974 525 1270 584; x_wconf 78' lang='lat' dir='ltr'><strong>oppressae</strong></span> <span class='ocrx_word' id='word_1_11' title='bbox 1303 525 1436 564; x_wconf 76' lang='lat' dir='ltr'><strong>esse</strong></span> <span class='ocrx_word' id='word_1_12' title='bbox 1467 505 1796 566; x_wconf 86' lang='lat' dir='ltr'><strong>videantur.</strong></span> <span class='ocrx_word' id='word_1_13' title='bbox 1877 509 2115 570; x_wconf 77' lang='lat' dir='ltr'><strong>Caven-</strong></span> 
     </span>
     <span class='ocr_line' id='line_1_3' title="bbox 186 601 2112 680; baseline 0.001 -16"><span class='ocrx_word' id='word_1_14' title='bbox 186 606 322 677; x_wconf 84' lang='lat' dir='ltr'><strong>dum</strong></span> <span class='ocrx_word' id='word_1_15' title='bbox 363 625 541 673; x_wconf 86' lang='lat' dir='ltr'><strong>vero,</strong></span> <span class='ocrx_word' id='word_1_16' title='bbox 574 623 653 661; x_wconf 87' lang='lat' dir='ltr'><strong>ne</strong></span> <span class='ocrx_word' id='word_1_17' title='bbox 696 602 879 661; x_wconf 88' lang='lat' dir='ltr'><strong>etiam</strong></span> <span class='ocrx_word' id='word_1_18' title='bbox 910 601 975 660; x_wconf 92' lang='lat' dir='ltr'><strong>in</strong></span> <span class='ocrx_word' id='word_1_19' title='bbox 1014 621 1230 680; x_wconf 81' lang='lat' dir='ltr'><strong>graves</strong></span> <span class='ocrx_word' id='word_1_20' title='bbox 1272 601 1610 660; x_wconf 79' lang='lat' dir='ltr'><strong>inimicitiae</strong></span> <span class='ocrx_word' id='word_1_21' title='bbox 1657 615 1998 663; x_wconf 75' lang='lat' dir='ltr'><strong>convertant</strong></span> <span class='ocrx_word' id='word_1_22' title='bbox 2043 625 2112 666; x_wconf 80' lang='lat' dir='ltr'><strong>ae</strong></span> 
     </span>
     <span class='ocr_line' id='line_1_4' title="bbox 187 697 2112 780; baseline -0.001 -22"><span class='ocrx_word' id='word_1_23' title='bbox 187 700 502 760; x_wconf 83' lang='lat' dir='ltr'><strong>amicitiae:</strong></span> <span class='ocrx_word' id='word_1_24' title='bbox 564 719 643 757; x_wconf 87' lang='lat' dir='ltr'><strong>ex</strong></span> <span class='ocrx_word' id='word_1_25' title='bbox 688 698 904 776; x_wconf 79' lang='lat' dir='ltr'><strong>quibus</strong></span> <span class='ocrx_word' id='word_1_26' title='bbox 932 697 1151 776; x_wconf 81' lang='lat' dir='ltr'><strong>jurgia,</strong></span> <span class='ocrx_word' id='word_1_27' title='bbox 1185 697 1522 768; x_wconf 86' lang='lat' dir='ltr'><strong>maledicta,</strong></span> <span class='ocrx_word' id='word_1_28' title='bbox 1557 698 1934 762; x_wconf 78' lang='lat' dir='ltr'><strong>contumeliae</strong></span> <span class='ocrx_word' id='word_1_29' title='bbox 1981 700 2112 780; x_wconf 79' lang='lat' dir='ltr'><strong>gig-</strong></span> 
     </span>
     <span class='ocr_line' id='line_1_5' title="bbox 185 792 2108 868; baseline -0.001 -14"><span class='ocrx_word' id='word_1_30' title='bbox 185 809 423 854; x_wconf 86' lang='lat' dir='ltr'><strong>nuntur.</strong></span> <span class='ocrx_word' id='word_1_31' title='bbox 509 794 676 866; x_wconf 79' lang='lat' dir='ltr'><strong>Quae</strong></span> <span class='ocrx_word' id='word_1_32' title='bbox 708 807 911 852; x_wconf 91' lang='lat' dir='ltr'><strong>tamen</strong></span> <span class='ocrx_word' id='word_1_33' title='bbox 942 793 995 851; x_wconf 81' lang='lat' dir='ltr'><strong>si</strong></span> <span class='ocrx_word' id='word_1_34' title='bbox 1026 792 1370 852; x_wconf 74' lang='lat' dir='ltr'><strong>tolerabiles</strong></span> <span class='ocrx_word' id='word_1_35' title='bbox 1411 805 1602 864; x_wconf 86' lang='lat' dir='ltr'><strong>erunt,</strong></span> <span class='ocrx_word' id='word_1_36' title='bbox 1631 792 1894 854; x_wconf 79' lang='lat' dir='ltr'><strong>ferendae</strong></span> <span class='ocrx_word' id='word_1_37' title='bbox 1932 807 2108 868; x_wconf 68' lang='lat' dir='ltr'><strong>suntg</strong></span> 
     </span>
     <span class='ocr_line' id='line_1_6' title="bbox 187 887 2108 971; baseline 0 -21"><span class='ocrx_word' id='word_1_38' title='bbox 187 905 245 950; x_wconf 89' lang='lat' dir='ltr'><strong>et</strong></span> <span class='ocrx_word' id='word_1_39' title='bbox 268 891 368 950; x_wconf 79' lang='lat' dir='ltr'><strong>hic</strong></span> <span class='ocrx_word' id='word_1_40' title='bbox 394 892 592 948; x_wconf 79' lang='lat' dir='ltr'><strong>honos</strong></span> <span class='ocrx_word' id='word_1_41' title='bbox 618 889 807 947; x_wconf 85' lang='lat' dir='ltr'><strong>veteri</strong></span> <span class='ocrx_word' id='word_1_42' title='bbox 837 888 1111 948; x_wconf 79' lang='lat' dir='ltr'><strong>amicitiae</strong></span> <span class='ocrx_word' id='word_1_43' title='bbox 1146 887 1517 958; x_wconf 74' lang='lat' dir='ltr'><strong>tribuendae,</strong></span> <span class='ocrx_word' id='word_1_44' title='bbox 1545 902 1612 948; x_wconf 86' lang='lat' dir='ltr'><strong>ut</strong></span> <span class='ocrx_word' id='word_1_45' title='bbox 1637 889 1687 948; x_wconf 81' lang='lat' dir='ltr'><strong>ia</strong></span> <span class='ocrx_word' id='word_1_46' title='bbox 1715 889 1776 948; x_wconf 89' lang='lat' dir='ltr'><strong>in</strong></span> <span class='ocrx_word' id='word_1_47' title='bbox 1805 892 1985 971; x_wconf 85' lang='lat' dir='ltr'><strong>culpa</strong></span> <span class='ocrx_word' id='word_1_48' title='bbox 2015 892 2108 962; x_wconf 77' lang='lat' dir='ltr'><strong>ait,</strong></span> 
     </span>
     <span class='ocr_line' id='line_1_7' title="bbox 187 984 2112 1064; baseline 0.002 -20"><span class='ocrx_word' id='word_1_49' title='bbox 187 986 289 1064; x_wconf 88' lang='lat' dir='ltr'><strong>qui</strong></span> <span class='ocrx_word' id='word_1_50' title='bbox 309 986 517 1056; x_wconf 83' lang='lat' dir='ltr'><strong>faciat,</strong></span> <span class='ocrx_word' id='word_1_51' title='bbox 539 1006 665 1043; x_wconf 91' lang='lat' dir='ltr'><strong>non</strong></span> <span class='ocrx_word' id='word_1_52' title='bbox 684 984 753 1055; x_wconf 78' lang='lat' dir='ltr'><strong>ia,</strong></span> <span class='ocrx_word' id='word_1_53' title='bbox 776 984 877 1061; x_wconf 89' lang='lat' dir='ltr'><strong>qui</strong></span> <span class='ocrx_word' id='word_1_54' title='bbox 898 984 1156 1063; x_wconf 82' lang='lat' dir='ltr'><strong>patiatur</strong></span> <span class='ocrx_word' id='word_1_55' title='bbox 1183 984 1478 1062; x_wconf 88' lang='lat' dir='ltr'><strong>injuriam.</strong></span> <span class='ocrx_word' id='word_1_56' title='bbox 1557 985 1816 1046; x_wconf 83' lang='lat' dir='ltr'>Omnino</span> <span class='ocrx_word' id='word_1_57' title='bbox 1841 989 2112 1048; x_wconf 88' lang='lat' dir='ltr'><strong>omnium</strong></span> 
     </span>
     <span class='ocr_line' id='line_1_8' title="bbox 184 1079 2110 1162; baseline 0.003 -23"><span class='ocrx_word' id='word_1_58' title='bbox 184 1083 405 1140; x_wconf 89' lang='lat' dir='ltr'><strong>horum</strong></span> <span class='ocrx_word' id='word_1_59' title='bbox 424 1080 703 1139; x_wconf 84' lang='lat' dir='ltr'><strong>vitiorum</strong></span> <span class='ocrx_word' id='word_1_60' title='bbox 726 1092 906 1159; x_wconf 90' lang='lat' dir='ltr'><strong>atque</strong></span> <span class='ocrx_word' id='word_1_61' title='bbox 921 1079 1425 1140; x_wconf 76' lang='lat' dir='ltr'><strong>incommodorum</strong></span> <span class='ocrx_word' id='word_1_62' title='bbox 1447 1100 1566 1140; x_wconf 87' lang='lat' dir='ltr'><strong>una</strong></span> <span class='ocrx_word' id='word_1_63' title='bbox 1585 1082 1782 1141; x_wconf 86' lang='lat' dir='ltr'><strong>cautio</strong></span> <span class='ocrx_word' id='word_1_64' title='bbox 1803 1095 1912 1153; x_wconf 75' lang='lat' dir='ltr'><strong>eat,</strong></span> <span class='ocrx_word' id='word_1_65' title='bbox 1929 1097 2110 1162; x_wconf 88' lang='lat' dir='ltr'><strong>atque</strong></span> 
     </span>
     <span class='ocr_line' id='line_1_9' title="bbox 188 1175 2112 1257; baseline 0.002 -20"><span class='ocrx_word' id='word_1_66' title='bbox 188 1199 311 1237; x_wconf 87' lang='lat' dir='ltr'><strong>una</strong></span> <span class='ocrx_word' id='word_1_67' title='bbox 336 1177 626 1257; x_wconf 77' lang='lat' dir='ltr'><strong>provisiO,</strong></span> <span class='ocrx_word' id='word_1_68' title='bbox 651 1190 717 1236; x_wconf 92' lang='lat' dir='ltr'><strong>ut</strong></span> <span class='ocrx_word' id='word_1_69' title='bbox 744 1197 821 1235; x_wconf 86' lang='lat' dir='ltr'><strong>ne</strong></span> <span class='ocrx_word' id='word_1_70' title='bbox 851 1175 1029 1234; x_wconf 83' lang='lat' dir='ltr'><strong>nimia</strong></span> <span class='ocrx_word' id='word_1_71' title='bbox 1058 1175 1179 1236; x_wconf 84' lang='lat' dir='ltr'><strong>cito</strong></span> <span class='ocrx_word' id='word_1_72' title='bbox 1206 1175 1460 1255; x_wconf 84' lang='lat' dir='ltr'><strong>diligere</strong></span> <span class='ocrx_word' id='word_1_73' title='bbox 1489 1177 1792 1256; x_wconf 80' lang='lat' dir='ltr'><strong>incipiant,</strong></span> <span class='ocrx_word' id='word_1_74' title='bbox 1811 1199 1964 1240; x_wconf 77' lang='lat' dir='ltr'><strong>neve</strong></span> <span class='ocrx_word' id='word_1_75' title='bbox 1992 1201 2112 1240; x_wconf 88' lang='lat' dir='ltr'><strong>non</strong></span> 
     </span>
     <span class='ocr_line' id='line_1_10' title="bbox 191 1271 2112 1355; baseline 0.002 -23"><span class='ocrx_word' id='word_1_76' title='bbox 191 1273 432 1351; x_wconf 81' lang='lat' dir='ltr'><strong>dignos.</strong></span> <span class='ocrx_word' id='word_1_77' title='bbox 530 1278 624 1331; x_wconf 82' lang='lat'><strong>79.</strong></span> <span class='ocrx_word' id='word_1_78' title='bbox 669 1271 856 1350; x_wconf 84' lang='lat' dir='ltr'><strong>Digni</strong></span> <span class='ocrx_word' id='word_1_79' title='bbox 890 1284 1091 1332; x_wconf 87' lang='lat' dir='ltr'><strong>autem</strong></span> <span class='ocrx_word' id='word_1_80' title='bbox 1129 1285 1270 1331; x_wconf 76' lang='lat' dir='ltr'><strong>eunt</strong></span> <span class='ocrx_word' id='word_1_81' title='bbox 1311 1271 1590 1344; x_wconf 83' lang='lat' dir='ltr'><strong>amicitia,</strong></span> <span class='ocrx_word' id='word_1_82' title='bbox 1625 1273 1840 1351; x_wconf 78' lang='lat' dir='ltr'><strong>quibua</strong></span> <span class='ocrx_word' id='word_1_83' title='bbox 1871 1275 1930 1334; x_wconf 92' lang='lat' dir='ltr'><strong>in</strong></span> <span class='ocrx_word' id='word_1_84' title='bbox 1963 1276 2112 1355; x_wconf 71' lang='lat' dir='ltr'><strong>ipsiu</strong></span> 
     </span>
     <span class='ocr_line' id='line_1_11' title="bbox 191 1368 2114 1449; baseline 0.002 -22"><span class='ocrx_word' id='word_1_85' title='bbox 191 1369 350 1428; x_wconf 80' lang='lat' dir='ltr'><strong>inest</strong></span> <span class='ocrx_word' id='word_1_86' title='bbox 398 1389 601 1438; x_wconf 78' lang='lat' dir='ltr'><strong>cauea,</strong></span> <span class='ocrx_word' id='word_1_87' title='bbox 636 1389 746 1428; x_wconf 88' lang='lat' dir='ltr'><strong>cur</strong></span> <span class='ocrx_word' id='word_1_88' title='bbox 786 1368 1129 1446; x_wconf 82' lang='lat' dir='ltr'><strong>diligantur.</strong></span> <span class='ocrx_word' id='word_1_89' title='bbox 1209 1370 1440 1427; x_wconf 84' lang='lat' dir='ltr'><strong>Rarum</strong></span> <span class='ocrx_word' id='word_1_90' title='bbox 1487 1373 1714 1448; x_wconf 77' lang='lat' dir='ltr'><strong>genus!</strong></span> <span class='ocrx_word' id='word_1_91' title='bbox 1767 1383 1830 1430; x_wconf 89' lang='lat' dir='ltr'><strong>et</strong></span> <span class='ocrx_word' id='word_1_92' title='bbox 1869 1371 2114 1449; x_wconf 86' lang='lat' dir='ltr'><strong>quidem</strong></span> 
     </span>
     <span class='ocr_line' id='line_1_12' title="bbox 196 1463 2112 1545; baseline 0.003 -22"><span class='ocrx_word' id='word_1_93' title='bbox 196 1465 403 1524; x_wconf 86' lang='lat' dir='ltr'><strong>omnia</strong></span> <span class='ocrx_word' id='word_1_94' title='bbox 440 1466 731 1544; x_wconf 83' lang='lat' dir='ltr'><strong>praeclara</strong></span> <span class='ocrx_word' id='word_1_95' title='bbox 769 1484 921 1534; x_wconf 87' lang='lat' dir='ltr'><strong>rara,</strong></span> <span class='ocrx_word' id='word_1_96' title='bbox 950 1485 1061 1523; x_wconf 84' lang='lat' dir='ltr'><strong>nec</strong></span> <span class='ocrx_word' id='word_1_97' title='bbox 1096 1463 1422 1541; x_wconf 77' lang='lat' dir='ltr'><strong>quidquam</strong></span> <span class='ocrx_word' id='word_1_98' title='bbox 1457 1463 1768 1536; x_wconf 78' lang='lat' dir='ltr'><strong>difficilius,</strong></span> <span class='ocrx_word' id='word_1_99' title='bbox 1799 1487 1978 1545; x_wconf 88' lang='lat' dir='ltr'><strong>quam</strong></span> <span class='ocrx_word' id='word_1_100' title='bbox 2019 1488 2112 1527; x_wconf 87' lang='lat' dir='ltr'><strong>re·</strong></span> 
     </span>
     <span class='ocr_line' id='line_1_13' title="bbox 195 1559 2114 1642; baseline 0.004 -25"><span class='ocrx_word' id='word_1_101' title='bbox 195 1561 418 1639; x_wconf 86' lang='lat' dir='ltr'><strong>perire,</strong></span> <span class='ocrx_word' id='word_1_102' title='bbox 447 1559 607 1636; x_wconf 89' lang='lat' dir='ltr'><strong>quod</strong></span> <span class='ocrx_word' id='word_1_103' title='bbox 636 1559 711 1617; x_wconf 81' lang='lat' dir='ltr'><strong>sit</strong></span> <span class='ocrx_word' id='word_1_104' title='bbox 744 1559 905 1618; x_wconf 87' lang='lat' dir='ltr'><strong>omni</strong></span> <span class='ocrx_word' id='word_1_105' title='bbox 937 1579 1018 1618; x_wconf 83' lang='lat' dir='ltr'><strong>ex</strong></span> <span class='ocrx_word' id='word_1_106' title='bbox 1049 1571 1219 1638; x_wconf 85' lang='lat' dir='ltr'><strong>parte</strong></span> <span class='ocrx_word' id='word_1_107' title='bbox 1255 1559 1316 1617; x_wconf 88' lang='lat' dir='ltr'><strong>in</strong></span> <span class='ocrx_word' id='word_1_108' title='bbox 1355 1580 1464 1619; x_wconf 79' lang='lat' dir='ltr'><strong>auo</strong></span> <span class='ocrx_word' id='word_1_109' title='bbox 1506 1581 1730 1640; x_wconf 82' lang='lat' dir='ltr'><strong>genere</strong></span> <span class='ocrx_word' id='word_1_110' title='bbox 1765 1563 2114 1642; x_wconf 84' lang='lat' dir='ltr'><strong>perfectum.</strong></span> 
     </span>
     <span class='ocr_line' id='line_1_14' title="bbox 198 1655 2116 1736; baseline 0.002 -21"><span class='ocrx_word' id='word_1_111' title='bbox 198 1657 322 1715; x_wconf 90' lang='lat' dir='ltr'><strong>Sed</strong></span> <span class='ocrx_word' id='word_1_112' title='bbox 356 1656 637 1735; x_wconf 82' lang='lat' dir='ltr'><strong>plerique</strong></span> <span class='ocrx_word' id='word_1_113' title='bbox 677 1674 873 1733; x_wconf 89' lang='lat' dir='ltr'><strong>neque</strong></span> <span class='ocrx_word' id='word_1_114' title='bbox 907 1655 971 1714; x_wconf 87' lang='lat' dir='ltr'><strong>in</strong></span> <span class='ocrx_word' id='word_1_115' title='bbox 1010 1657 1191 1714; x_wconf 77' lang='lat' dir='ltr'><strong>rebus</strong></span> <span class='ocrx_word' id='word_1_116' title='bbox 1223 1655 1498 1716; x_wconf 74' lang='lat' dir='ltr'><strong>humanis</strong></span> <span class='ocrx_word' id='word_1_117' title='bbox 1531 1657 1858 1736; x_wconf 77' lang='lat' dir='ltr'><strong>quidquam</strong></span> <span class='ocrx_word' id='word_1_118' title='bbox 1890 1659 2116 1719; x_wconf 87' lang='lat' dir='ltr'><strong>bonum</strong></span> 
     </span>
     <span class='ocr_line' id='line_1_15' title="bbox 197 1751 2119 1831; baseline 0.002 -21"><span class='ocrx_word' id='word_1_119' title='bbox 197 1765 439 1820; x_wconf 89' lang='lat' dir='ltr'><strong>norunt,</strong></span> <span class='ocrx_word' id='word_1_120' title='bbox 482 1751 597 1808; x_wconf 86' lang='lat' dir='ltr'><strong>nisi</strong></span> <span class='ocrx_word' id='word_1_121' title='bbox 644 1751 803 1828; x_wconf 90' lang='lat' dir='ltr'><strong>quod</strong></span> <span class='ocrx_word' id='word_1_122' title='bbox 846 1751 1217 1810; x_wconf 76' lang='lat' dir='ltr'><strong>fructuosum</strong></span> <span class='ocrx_word' id='word_1_123' title='bbox 1271 1751 1365 1821; x_wconf 80' lang='lat' dir='ltr'><strong>ait,</strong></span> <span class='ocrx_word' id='word_1_124' title='bbox 1411 1763 1474 1812; x_wconf 87' lang='lat' dir='ltr'><strong>et</strong></span> <span class='ocrx_word' id='word_1_125' title='bbox 1525 1753 1768 1824; x_wconf 74' lang='lat' dir='ltr'><strong>amicos,</strong></span> <span class='ocrx_word' id='word_1_126' title='bbox 1816 1765 2119 1831; x_wconf 81' lang='lat' dir='ltr'><strong>tamquam</strong></span> 
     </span>
     <span class='ocr_line' id='line_1_16' title="bbox 199 1833 2120 1927; baseline 0 -21"><span class='ocrx_word' id='word_1_127' title='bbox 199 1846 490 1927; x_wconf 77' lang='lat' dir='ltr'><strong>pecudea,</strong></span> <span class='ocrx_word' id='word_1_128' title='bbox 525 1867 631 1906; x_wconf 81' lang='lat' dir='ltr'><strong>eos</strong></span> <span class='ocrx_word' id='word_1_129' title='bbox 661 1846 1039 1925; x_wconf 77' lang='lat' dir='ltr'><strong>potissimum</strong></span> <span class='ocrx_word' id='word_1_130' title='bbox 1072 1833 1348 1926; x_wconf 78' lang='lat' dir='ltr'><strong>diligunt,</strong></span> <span class='ocrx_word' id='word_1_131' title='bbox 1382 1867 1463 1908; x_wconf 85' lang='lat' dir='ltr'><strong>ex</strong></span> <span class='ocrx_word' id='word_1_132' title='bbox 1503 1848 1718 1926; x_wconf 75' lang='lat' dir='ltr'><strong>quibua</strong></span> <span class='ocrx_word' id='word_1_133' title='bbox 1764 1861 2012 1926; x_wconf 75' lang='lat' dir='ltr'><strong>sperant</strong></span> <span class='ocrx_word' id='word_1_134' title='bbox 2053 1867 2120 1906; x_wconf 75' lang='lat' dir='ltr'><strong>ae</strong></span> 
     </span>
     <span class='ocr_line' id='line_1_17' title="bbox 198 1942 2218 2022; baseline -0.002 -20"><span class='ocrx_word' id='word_1_135' title='bbox 198 1945 539 2002; x_wconf 82' lang='lat' dir='ltr'><strong>maximum</strong></span> <span class='ocrx_word' id='word_1_136' title='bbox 572 1942 831 2000; x_wconf 84' lang='lat' dir='ltr'><strong>fructum</strong></span> <span class='ocrx_word' id='word_1_137' title='bbox 874 1962 1007 2002; x_wconf 78' lang='lat' dir='ltr'><strong>esee</strong></span> <span class='ocrx_word' id='word_1_138' title='bbox 1051 1954 1348 2022; x_wconf 73' lang='lat' dir='ltr'><strong>capturos.</strong></span> <span class='ocrx_word' id='word_1_139' title='bbox 1451 1946 1548 2001; x_wconf 90' lang='grc'><strong>80.</strong></span> <span class='ocrx_word' id='word_1_140' title='bbox 1590 1943 1686 2002; x_wconf 90' lang='lat' dir='ltr'><strong>Ita</strong></span> <span class='ocrx_word' id='word_1_141' title='bbox 1717 1942 2124 2020; x_wconf 86' lang='lat' dir='ltr'><strong>pulcherrima</strong></span> <span class='ocrx_word' id='word_1_142' title='bbox 2167 1977 2218 1998; x_wconf 76' lang='lat'>-</span> 
     </span>
     <span class='ocr_line' id='line_1_18' title="bbox 199 2035 2126 2117; baseline -0.001 -19"><span class='ocrx_word' id='word_1_143' title='bbox 199 2040 309 2099; x_wconf 87' lang='lat' dir='ltr'><strong>illa</strong></span> <span class='ocrx_word' id='word_1_144' title='bbox 345 2053 408 2098; x_wconf 90' lang='lat' dir='ltr'><strong>et</strong></span> <span class='ocrx_word' id='word_1_145' title='bbox 441 2039 707 2096; x_wconf 84' lang='lat' dir='ltr'><strong>maxime</strong></span> <span class='ocrx_word' id='word_1_146' title='bbox 739 2037 989 2097; x_wconf 87' lang='lat' dir='ltr'><strong>naturali</strong></span> <span class='ocrx_word' id='word_1_147' title='bbox 1016 2051 1223 2098; x_wconf 81' lang='lat' dir='ltr'><strong>carent</strong></span> <span class='ocrx_word' id='word_1_148' title='bbox 1257 2035 1520 2096; x_wconf 83' lang='lat' dir='ltr'><strong>amicitia</strong></span> <span class='ocrx_word' id='word_1_149' title='bbox 1545 2057 1662 2116; x_wconf 90' lang='lat' dir='ltr'><strong>per</strong></span> <span class='ocrx_word' id='word_1_150' title='bbox 1690 2057 1758 2097; x_wconf 76' lang='lat' dir='ltr'><strong>se</strong></span> <span class='ocrx_word' id='word_1_151' title='bbox 1789 2050 1854 2096; x_wconf 89' lang='lat' dir='ltr'><strong>et</strong></span> <span class='ocrx_word' id='word_1_152' title='bbox 1879 2051 2126 2117; x_wconf 86' lang='lat' dir='ltr'><strong>propter</strong></span> 
     </span>
     <span class='ocr_line' id='line_1_19' title="bbox 202 2125 2124 2214; baseline 0 -19"><span class='ocrx_word' id='word_1_153' title='bbox 202 2157 269 2195; x_wconf 83' lang='lat' dir='ltr'><strong>ee</strong></span> <span class='ocrx_word' id='word_1_154' title='bbox 297 2125 662 2214; x_wconf 81' lang='lat' dir='ltr'><strong>expetenda,</strong></span> <span class='ocrx_word' id='word_1_155' title='bbox 684 2155 799 2194; x_wconf 84' lang='lat' dir='ltr'><strong>nec</strong></span> <span class='ocrx_word' id='word_1_156' title='bbox 825 2134 941 2214; x_wconf 76' lang='lat' dir='ltr'><strong>ipsi</strong></span> <span class='ocrx_word' id='word_1_157' title='bbox 960 2134 1075 2194; x_wconf 79' lang='lat' dir='ltr'><strong>sibi</strong></span> <span class='ocrx_word' id='word_1_158' title='bbox 1096 2135 1380 2214; x_wconf 85' lang='lat' dir='ltr'><strong>exemplo</strong></span> <span class='ocrx_word' id='word_1_159' title='bbox 1407 2145 1560 2204; x_wconf 81' lang='lat' dir='ltr'><strong>aunt,</strong></span> <span class='ocrx_word' id='word_1_160' title='bbox 1582 2135 1713 2194; x_wconf 74' lang='lat' dir='ltr'><strong>haec</strong></span> <span class='ocrx_word' id='word_1_161' title='bbox 1731 2135 1822 2194; x_wconf 77' lang='lat' dir='ltr'><strong>via</strong></span> <span class='ocrx_word' id='word_1_162' title='bbox 1850 2134 2124 2195; x_wconf 77' lang='lat' dir='ltr'><strong>amicitiae</strong></span> 
     </span>
     <span class='ocr_line' id='line_1_20' title="bbox 204 2229 2128 2311; baseline -0.001 -19"><span class='ocrx_word' id='word_1_163' title='bbox 204 2233 399 2311; x_wconf 82' lang='lat' dir='ltr'><strong>qualia</strong></span> <span class='ocrx_word' id='word_1_164' title='bbox 428 2244 491 2292; x_wconf 85' lang='lat' dir='ltr'><strong>et</strong></span> <span class='ocrx_word' id='word_1_165' title='bbox 516 2244 735 2309; x_wconf 87' lang='lat' dir='ltr'><strong>quanta</strong></span> <span class='ocrx_word' id='word_1_166' title='bbox 764 2230 855 2290; x_wconf 82' lang='lat' dir='ltr'><strong>sit.</strong></span> <span class='ocrx_word' id='word_1_167' title='bbox 936 2231 1075 2311; x_wconf 80' lang='lat' dir='ltr'><strong>Ipse</strong></span> <span class='ocrx_word' id='word_1_168' title='bbox 1102 2231 1264 2290; x_wconf 88' lang='lat' dir='ltr'><strong>enim</strong></span> <span class='ocrx_word' id='word_1_169' title='bbox 1291 2251 1358 2289; x_wconf 75' lang='lat' dir='ltr'><strong>ee</strong></span> <span class='ocrx_word' id='word_1_170' title='bbox 1387 2229 1646 2309; x_wconf 77' lang='lat' dir='ltr'><strong>quiaque</strong></span> <span class='ocrx_word' id='word_1_171' title='bbox 1673 2229 1884 2310; x_wconf 81' lang='lat' dir='ltr'><strong>diligit,</strong></span> <span class='ocrx_word' id='word_1_172' title='bbox 1911 2251 2034 2290; x_wconf 82' lang='lat' dir='ltr'><strong>non</strong></span> <span class='ocrx_word' id='word_1_173' title='bbox 2061 2244 2128 2290; x_wconf 91' lang='lat' dir='ltr'><strong>ut</strong></span> 
     </span>
     <span class='ocr_line' id='line_1_21' title="bbox 208 2325 2126 2406; baseline -0.001 -19"><span class='ocrx_word' id='word_1_174' title='bbox 208 2328 473 2405; x_wconf 86' lang='lat' dir='ltr'><strong>aliquam</strong></span> <span class='ocrx_word' id='word_1_175' title='bbox 520 2348 555 2386; x_wconf 89' lang='lat' dir='ltr'><strong>a</strong></span> <span class='ocrx_word' id='word_1_176' title='bbox 596 2348 663 2386; x_wconf 79' lang='lat' dir='ltr'><strong>se</strong></span> <span class='ocrx_word' id='word_1_177' title='bbox 706 2327 837 2406; x_wconf 75' lang='lat' dir='ltr'><strong>ipae</strong></span> <span class='ocrx_word' id='word_1_178' title='bbox 886 2327 1250 2386; x_wconf 84' lang='lat' dir='ltr'><strong>mercedem.</strong></span> <span class='ocrx_word' id='word_1_179' title='bbox 1281 2326 1486 2405; x_wconf 81' lang='lat' dir='ltr'><strong>exigat</strong></span> <span class='ocrx_word' id='word_1_180' title='bbox 1529 2325 1794 2386; x_wconf 75' lang='lat' dir='ltr'><strong>caritatis</strong></span> <span class='ocrx_word' id='word_1_181' title='bbox 1839 2347 1984 2397; x_wconf 80' lang='lat' dir='ltr'><strong>auoe,</strong></span> <span class='ocrx_word' id='word_1_182' title='bbox 2017 2326 2126 2386; x_wconf 79' lang='lat' dir='ltr'><strong>aed</strong></span> 
     </span>
     <span class='ocr_line' id='line_1_22' title="bbox 210 2420 2124 2503; baseline 0.001 -21"><span class='ocrx_word' id='word_1_183' title='bbox 210 2425 364 2503; x_wconf 90' lang='lat' dir='ltr'><strong>quod</strong></span> <span class='ocrx_word' id='word_1_184' title='bbox 404 2443 520 2502; x_wconf 90' lang='lat' dir='ltr'><strong>per</strong></span> <span class='ocrx_word' id='word_1_185' title='bbox 551 2443 617 2481; x_wconf 82' lang='lat' dir='ltr'><strong>se</strong></span> <span class='ocrx_word' id='word_1_186' title='bbox 658 2421 771 2480; x_wconf 81' lang='lat' dir='ltr'><strong>sibi</strong></span> <span class='ocrx_word' id='word_1_187' title='bbox 804 2421 1053 2500; x_wconf 79' lang='lat' dir='ltr'><strong>quisque</strong></span> <span class='ocrx_word' id='word_1_188' title='bbox 1096 2441 1269 2482; x_wconf 84' lang='lat' dir='ltr'><strong>carue</strong></span> <span class='ocrx_word' id='word_1_189' title='bbox 1309 2435 1416 2481; x_wconf 84' lang='lat' dir='ltr'><strong>est.</strong></span> <span class='ocrx_word' id='word_1_190' title='bbox 1497 2420 1684 2495; x_wconf 81' lang='lat' dir='ltr'><strong>Quod</strong></span> <span class='ocrx_word' id='word_1_191' title='bbox 1715 2422 1830 2482; x_wconf 76' lang='lat' dir='ltr'><strong>nisi</strong></span> <span class='ocrx_word' id='word_1_192' title='bbox 1865 2423 2028 2482; x_wconf 87' lang='lat' dir='ltr'><strong>idem</strong></span> <span class='ocrx_word' id='word_1_193' title='bbox 2059 2423 2124 2483; x_wconf 87' lang='lat' dir='ltr'><strong>in</strong></span> 
     </span>
     <span class='ocr_line' id='line_1_23' title="bbox 210 2518 2121 2599; baseline 0.001 -20"><span class='ocrx_word' id='word_1_194' title='bbox 210 2520 535 2579; x_wconf 85' lang='lat' dir='ltr'><strong>amicitiam</strong></span> <span class='ocrx_word' id='word_1_195' title='bbox 556 2519 959 2587; x_wconf 81' lang='lat' dir='ltr'><strong>transferatur,</strong></span> <span class='ocrx_word' id='word_1_196' title='bbox 981 2538 1159 2577; x_wconf 81' lang='lat' dir='ltr'><strong>verus</strong></span> <span class='ocrx_word' id='word_1_197' title='bbox 1180 2518 1409 2578; x_wconf 78' lang='lat' dir='ltr'><strong>amicus</strong></span> <span class='ocrx_word' id='word_1_198' title='bbox 1431 2538 1734 2597; x_wconf 87' lang='lat' dir='ltr'><strong>nunquam</strong></span> <span class='ocrx_word' id='word_1_199' title='bbox 1761 2520 2121 2599; x_wconf 84' lang='lat' dir='ltr'><strong>reperietur:</strong></span> 
     </span>
     <span class='ocr_line' id='line_1_24' title="bbox 210 2613 2126 2692; baseline 0 -17"><span class='ocrx_word' id='word_1_200' title='bbox 210 2628 301 2675; x_wconf 86' lang='lat' dir='ltr'><strong>est</strong></span> <span class='ocrx_word' id='word_1_201' title='bbox 334 2616 501 2676; x_wconf 89' lang='lat' dir='ltr'><strong>enim</strong></span> <span class='ocrx_word' id='word_1_202' title='bbox 536 2615 585 2672; x_wconf 77' lang='lat' dir='ltr'><strong>is</strong></span> <span class='ocrx_word' id='word_1_203' title='bbox 620 2613 862 2692; x_wconf 89' lang='lat' dir='ltr'><strong>quidem</strong></span> <span class='ocrx_word' id='word_1_204' title='bbox 903 2627 1213 2692; x_wconf 88' lang='lat' dir='ltr'><strong>tamquam</strong></span> <span class='ocrx_word' id='word_1_205' title='bbox 1256 2615 1408 2674; x_wconf 90' lang='lat' dir='ltr'><strong>alter</strong></span> <span class='ocrx_word' id='word_1_206' title='bbox 1437 2614 1614 2674; x_wconf 85' lang='lat' dir='ltr'><strong>idem.</strong></span> <span class='ocrx_word' id='word_1_207' title='bbox 1715 2620 1810 2675; x_wconf 88' lang='grc'><strong>81.</strong></span> <span class='ocrx_word' id='word_1_208' title='bbox 1855 2614 2040 2689; x_wconf 82' lang='lat' dir='ltr'><strong>Quod</strong></span> <span class='ocrx_word' id='word_1_209' title='bbox 2072 2616 2126 2675; x_wconf 77' lang='lat' dir='ltr'><strong>ei</strong></span> 
     </span>
     <span class='ocr_line' id='line_1_25' title="bbox 208 2709 2126 2791; baseline -0.001 -19"><span class='ocrx_word' id='word_1_210' title='bbox 208 2714 321 2772; x_wconf 85' lang='lat' dir='ltr'><strong>hoc</strong></span> <span class='ocrx_word' id='word_1_211' title='bbox 372 2723 633 2791; x_wconf 84' lang='lat' dir='ltr'><strong>apparet</strong></span> <span class='ocrx_word' id='word_1_212' title='bbox 669 2710 733 2768; x_wconf 88' lang='lat' dir='ltr'><strong>in</strong></span> <span class='ocrx_word' id='word_1_213' title='bbox 766 2709 991 2780; x_wconf 78' lang='lat' dir='ltr'><strong>bestiie,</strong></span> <span class='ocrx_word' id='word_1_214' title='bbox 1024 2710 1388 2778; x_wconf 79' lang='lat' dir='ltr'><strong>volucribus,</strong></span> <span class='ocrx_word' id='word_1_215' title='bbox 1427 2711 1728 2781; x_wconf 76' lang='lat' dir='ltr'><strong>nantibus,</strong></span> <span class='ocrx_word' id='word_1_216' title='bbox 1771 2712 2126 2790; x_wconf 77' lang='lat' dir='ltr'><strong>agrestibus,</strong></span> 
     </span>
     <span class='ocr_line' id='line_1_26' title="bbox 212 2805 2126 2886; baseline -0.002 -18"><span class='ocrx_word' id='word_1_217' title='bbox 212 2809 537 2877; x_wconf 70' lang='lat' dir='ltr'><strong>cicuribuS,</strong></span> <span class='ocrx_word' id='word_1_218' title='bbox 559 2805 719 2874; x_wconf 77' lang='lat' dir='ltr'><strong>ferie,</strong></span> <span class='ocrx_word' id='word_1_219' title='bbox 740 2805 1000 2884; x_wconf 86' lang='lat' dir='ltr'><strong>primum</strong></span> <span class='ocrx_word' id='word_1_220' title='bbox 1031 2817 1095 2863; x_wconf 89' lang='lat' dir='ltr'><strong>ut</strong></span> <span class='ocrx_word' id='word_1_221' title='bbox 1122 2825 1186 2864; x_wconf 87' lang='lat' dir='ltr'><strong>se</strong></span> <span class='ocrx_word' id='word_1_222' title='bbox 1215 2805 1359 2884; x_wconf 82' lang='lat' dir='ltr'><strong>ipsae</strong></span> <span class='ocrx_word' id='word_1_223' title='bbox 1387 2806 1638 2884; x_wconf 83' lang='lat' dir='ltr'><strong>diligant</strong></span> <span class='ocrx_word' id='word_1_224' title='bbox 1669 2806 1755 2884; x_wconf 88' lang='lat' dir='ltr'><strong>(id</strong></span> <span class='ocrx_word' id='word_1_225' title='bbox 1785 2807 1944 2866; x_wconf 84' lang='lat' dir='ltr'><strong>enim</strong></span> <span class='ocrx_word' id='word_1_226' title='bbox 1970 2807 2126 2886; x_wconf 89' lang='lat' dir='ltr'><strong>pari·</strong></span> 
     </span>
     <span class='ocr_line' id='line_1_27' title="bbox 212 2900 2130 2980; baseline 0 -18"><span class='ocrx_word' id='word_1_227' title='bbox 212 2918 309 2964; x_wconf 87' lang='lat' dir='ltr'><strong>ter</strong></span> <span class='ocrx_word' id='word_1_228' title='bbox 352 2923 490 2962; x_wconf 84' lang='lat' dir='ltr'><strong>cum</strong></span> <span class='ocrx_word' id='word_1_229' title='bbox 534 2901 696 2960; x_wconf 90' lang='lat' dir='ltr'><strong>omni</strong></span> <span class='ocrx_word' id='word_1_230' title='bbox 739 2901 1037 2959; x_wconf 86' lang='lat' dir='ltr'><strong>animante</strong></span> <span class='ocrx_word' id='word_1_231' title='bbox 1078 2900 1402 2978; x_wconf 76' lang='lat' dir='ltr'><strong>nascitur):</strong></span> <span class='ocrx_word' id='word_1_232' title='bbox 1456 2901 1678 2962; x_wconf 88' lang='lat' dir='ltr'><strong>deinde</strong></span> <span class='ocrx_word' id='word_1_233' title='bbox 1718 2915 1785 2962; x_wconf 90' lang='lat' dir='ltr'><strong>ut</strong></span> <span class='ocrx_word' id='word_1_234' title='bbox 1823 2903 2130 2980; x_wconf 86' lang='lat' dir='ltr'><strong>requirant</strong></span> 
     </span>
     <span class='ocr_line' id='line_1_28' title="bbox 214 2997 2128 3082; baseline 0 -23"><span class='ocrx_word' id='word_1_235' title='bbox 214 3013 392 3078; x_wconf 89' lang='lat' dir='ltr'><strong>atque</strong></span> <span class='ocrx_word' id='word_1_236' title='bbox 443 3010 751 3082; x_wconf 86' lang='lat' dir='ltr'><strong>appetant,</strong></span> <span class='ocrx_word' id='word_1_237' title='bbox 796 2997 872 3056; x_wconf 89' lang='lat' dir='ltr'><strong>ad</strong></span> <span class='ocrx_word' id='word_1_238' title='bbox 918 3017 1063 3075; x_wconf 74' lang='lat' dir='ltr'><strong>quas</strong></span> <span class='ocrx_word' id='word_1_239' title='bbox 1109 3017 1175 3055; x_wconf 82' lang='lat' dir='ltr'><strong>se</strong></span> <span class='ocrx_word' id='word_1_240' title='bbox 1218 2999 1522 3076; x_wconf 82' lang='lat' dir='ltr'><strong>applicent</strong></span> <span class='ocrx_word' id='word_1_241' title='bbox 1570 2999 1846 3077; x_wconf 77' lang='lat' dir='ltr'><strong>ejusdem</strong></span> <span class='ocrx_word' id='word_1_242' title='bbox 1890 2999 2128 3078; x_wconf 84' lang='lat' dir='ltr'><strong>generis</strong></span> 
     </span>
     <span class='ocr_line' id='line_1_29' title="bbox 216 3092 2130 3172; baseline 0 -18"><span class='ocrx_word' id='word_1_243' title='bbox 216 3097 584 3164; x_wconf 84' lang='lat' dir='ltr'><strong>animantes;</strong></span> <span class='ocrx_word' id='word_1_244' title='bbox 627 3093 810 3170; x_wconf 87' lang='lat' dir='ltr'><strong>idque</strong></span> <span class='ocrx_word' id='word_1_245' title='bbox 841 3092 1067 3151; x_wconf 83' lang='lat' dir='ltr'><strong>faciunt</strong></span> <span class='ocrx_word' id='word_1_246' title='bbox 1101 3113 1233 3151; x_wconf 82' lang='lat' dir='ltr'><strong>cum</strong></span> <span class='ocrx_word' id='word_1_247' title='bbox 1264 3093 1578 3164; x_wconf 75' lang='lat' dir='ltr'><strong>desideria,</strong></span> <span class='ocrx_word' id='word_1_248' title='bbox 1607 3106 1666 3152; x_wconf 88' lang='lat' dir='ltr'><strong>et</strong></span> <span class='ocrx_word' id='word_1_249' title='bbox 1699 3115 1836 3153; x_wconf 84' lang='lat' dir='ltr'><strong>cum</strong></span> <span class='ocrx_word' id='word_1_250' title='bbox 1869 3095 2130 3172; x_wconf 87' lang='lat' dir='ltr'><strong>quadam</strong></span> 
     </span>
     <span class='ocr_line' id='line_1_30' title="bbox 214 3187 2130 3270; baseline -0.001 -19"><span class='ocrx_word' id='word_1_251' title='bbox 214 3191 607 3251; x_wconf 79' lang='lat' dir='ltr'><strong>similitudine</strong></span> <span class='ocrx_word' id='word_1_252' title='bbox 642 3188 857 3246; x_wconf 85' lang='lat' dir='ltr'><strong>amoris</strong></span> <span class='ocrx_word' id='word_1_253' title='bbox 892 3187 1171 3248; x_wconf 85' lang='lat' dir='ltr'><strong>humani:</strong></span> <span class='ocrx_word' id='word_1_254' title='bbox 1221 3201 1444 3267; x_wconf 88' lang='lat' dir='ltr'><strong>quanto</strong></span> <span class='ocrx_word' id='word_1_255' title='bbox 1477 3189 1541 3249; x_wconf 91' lang='lat' dir='ltr'><strong>id</strong></span> <span class='ocrx_word' id='word_1_256' title='bbox 1573 3190 1764 3270; x_wconf 81' lang='lat' dir='ltr'><strong>magia</strong></span> <span class='ocrx_word' id='word_1_257' title='bbox 1797 3190 1857 3248; x_wconf 89' lang='lat' dir='ltr'><strong>in</strong></span> <span class='ocrx_word' id='word_1_258' title='bbox 1889 3191 2130 3250; x_wconf 86' lang='lat' dir='ltr'><strong>homine</strong></span> 
     </span>
     <span class='ocr_line' id='line_1_31' title="bbox 216 3284 2134 3364; baseline -0.003 -16"><span class='ocrx_word' id='word_1_259' title='bbox 216 3288 289 3349; x_wconf 84' lang='lat' dir='ltr'><strong>sit</strong></span> <span class='ocrx_word' id='word_1_260' title='bbox 314 3300 551 3355; x_wconf 85' lang='lat' dir='ltr'><strong>natura,</strong></span> <span class='ocrx_word' id='word_1_261' title='bbox 581 3285 684 3362; x_wconf 90' lang='lat' dir='ltr'><strong>qui</strong></span> <span class='ocrx_word' id='word_1_262' title='bbox 712 3298 773 3343; x_wconf 90' lang='lat' dir='ltr'><strong>et</strong></span> <span class='ocrx_word' id='word_1_263' title='bbox 800 3305 865 3344; x_wconf 83' lang='lat' dir='ltr'><strong>se</strong></span> <span class='ocrx_word' id='word_1_264' title='bbox 892 3285 1023 3364; x_wconf 84' lang='lat' dir='ltr'><strong>ipse</strong></span> <span class='ocrx_word' id='word_1_265' title='bbox 1052 3284 1262 3364; x_wconf 87' lang='lat' dir='ltr'><strong>diligit,</strong></span> <span class='ocrx_word' id='word_1_266' title='bbox 1291 3298 1351 3344; x_wconf 89' lang='lat' dir='ltr'><strong>et</strong></span> <span class='ocrx_word' id='word_1_267' title='bbox 1378 3287 1629 3344; x_wconf 85' lang='lat' dir='ltr'><strong>alterum</strong></span> <span class='ocrx_word' id='word_1_268' title='bbox 1659 3284 1933 3362; x_wconf 85' lang='lat' dir='ltr'><strong>anquirit,</strong></span> <span class='ocrx_word' id='word_1_269' title='bbox 1963 3285 2134 3360; x_wconf 85' lang='lat' dir='ltr'><strong>cujus</strong></span> 
     </span>
     <span class='ocr_line' id='line_1_32' title="bbox 217 3381 2135 3459; baseline -0.003 -16"><span class='ocrx_word' id='word_1_270' title='bbox 217 3384 487 3444; x_wconf 87' lang='lat' dir='ltr'><strong>animum</strong></span> <span class='ocrx_word' id='word_1_271' title='bbox 522 3383 611 3440; x_wconf 88' lang='lat' dir='ltr'><strong>ita</strong></span> <span class='ocrx_word' id='word_1_272' title='bbox 650 3401 787 3442; x_wconf 88' lang='lat' dir='ltr'><strong>cum</strong></span> <span class='ocrx_word' id='word_1_273' title='bbox 827 3402 934 3440; x_wconf 82' lang='lat' dir='ltr'><strong>suo</strong></span> <span class='ocrx_word' id='word_1_274' title='bbox 974 3382 1236 3453; x_wconf 83' lang='lat' dir='ltr'><strong>misceat,</strong></span> <span class='ocrx_word' id='word_1_275' title='bbox 1265 3394 1332 3440; x_wconf 84' lang='lat' dir='ltr'><strong>ut</strong></span> <span class='ocrx_word' id='word_1_276' title='bbox 1363 3381 1584 3440; x_wconf 86' lang='lat' dir='ltr'><strong>efficiat</strong></span> <span class='ocrx_word' id='word_1_277' title='bbox 1608 3401 1788 3459; x_wconf 81' lang='lat' dir='ltr'><strong>paene</strong></span> <span class='ocrx_word' id='word_1_278' title='bbox 1828 3398 2013 3438; x_wconf 88' lang='lat' dir='ltr'><strong>unum</strong></span> <span class='ocrx_word' id='word_1_279' title='bbox 2055 3399 2135 3439; x_wconf 82' lang='lat' dir='ltr'><strong>ex</strong></span> 
     </span>
    </p>
   </div>
   <div class='ocr_carea' id='block_1_3' title="bbox 218 3478 757 3564">
    <p class='ocr_par' dir='ltr' id='par_1_3' title="bbox 218 3478 757 3564">
     <span class='ocr_line' id='line_1_33' title="bbox 218 3478 757 3564; baseline -0.004 -26"><span class='ocrx_word' id='word_1_280' title='bbox 218 3478 502 3539; x_wconf 61' lang='lat' dir='ltr'><strong>duobus?</strong></span> <span class='ocrx_word' id='word_1_281' title='bbox 538 3505 613 3534; x_wconf 50' lang='lat' dir='ltr'><strong>s.</strong></span> <span class='ocrx_word' id='word_1_282' title='bbox 644 3481 757 3564; x_wconf 61' lang='lat' dir='ltr'><strong>J),</strong></span> 
     </span>
    </p>
   </div>
   <div class='ocr_carea' id='block_1_4' title="bbox 222 3660 2140 3842">
    <p class='ocr_par' dir='ltr' id='par_1_4' title="bbox 222 3660 2140 3842">
     <span class='ocr_line' id='line_1_34' title="bbox 295 3660 2140 3747; baseline -0.003 -17"><span class='ocrx_word' id='word_1_283' title='bbox 295 3669 517 3730; x_wconf 89' lang='lat' dir='ltr'>XXII.</span> <span class='ocrx_word' id='word_1_284' title='bbox 555 3671 652 3726; x_wconf 82' lang='lat'><strong>82.</strong></span> <span class='ocrx_word' id='word_1_285' title='bbox 677 3666 801 3726; x_wconf 89' lang='lat' dir='ltr'><strong>Sed</strong></span> <span class='ocrx_word' id='word_1_286' title='bbox 818 3667 1093 3747; x_wconf 89' lang='lat' dir='ltr'><strong>plerique</strong></span> <span class='ocrx_word' id='word_1_287' title='bbox 1110 3683 1412 3747; x_wconf 82' lang='lat' dir='ltr'><strong>perverse,</strong></span> <span class='ocrx_word' id='word_1_288' title='bbox 1429 3683 1504 3720; x_wconf 89' lang='lat' dir='ltr'><strong>ne</strong></span> <span class='ocrx_word' id='word_1_289' title='bbox 1525 3661 1722 3720; x_wconf 85' lang='lat' dir='ltr'><strong>dicam</strong></span> <span class='ocrx_word' id='word_1_290' title='bbox 1739 3660 2140 3740; x_wconf 86' lang='lat' dir='ltr'><strong>impudenter,</strong></span> 
     </span>
     <span class='ocr_line' id='line_1_35' title="bbox 222 3759 2140 3842; baseline -0.002 -14"><span class='ocrx_word' id='word_1_291' title='bbox 222 3768 487 3828; x_wconf 86' lang='lat' dir='ltr'><strong>amicum</strong></span> <span class='ocrx_word' id='word_1_292' title='bbox 509 3764 734 3823; x_wconf 88' lang='lat' dir='ltr'><strong>habere</strong></span> <span class='ocrx_word' id='word_1_293' title='bbox 754 3766 934 3824; x_wconf 88' lang='lat' dir='ltr'><strong>talem</strong></span> <span class='ocrx_word' id='word_1_294' title='bbox 956 3766 1181 3836; x_wconf 82' lang='lat' dir='ltr'><strong>volunt,</strong></span> <span class='ocrx_word' id='word_1_295' title='bbox 1200 3761 1412 3842; x_wconf 77' lang='lat' dir='ltr'><strong>quales</strong></span> <span class='ocrx_word' id='word_1_296' title='bbox 1434 3759 1550 3842; x_wconf 80' lang='lat' dir='ltr'><strong>ipsi</strong></span> <span class='ocrx_word' id='word_1_297' title='bbox 1569 3779 1700 3822; x_wconf 77' lang='lat' dir='ltr'><strong>esee</strong></span> <span class='ocrx_word' id='word_1_298' title='bbox 1728 3778 1847 3818; x_wconf 88' lang='lat' dir='ltr'><strong>non</strong></span> <span class='ocrx_word' id='word_1_299' title='bbox 1867 3775 2140 3840; x_wconf 77' lang='lat' dir='ltr'><strong>poeaunt:</strong></span> 
     </span>
    </p>
   </div>
  </div>
 </body>
</html>
