2492 4392
415 345 534 406 118
1053 352 1353 400 cossam
1390 352 1656 401 Nm’o'rts

491 491 670 552 XXI.
711 486 848 546 Tali
889 485 1070 546 modo
1110 503 1295 563 quum
1342 497 1575 564 septem
1608 495 1671 542 et
1710 478 2089 562 septuaginta
2132 503 2329 544 annos

411 587 788 663 complesset,
818 595 998 658 atque
1047 580 1125 640 ad
1169 592 1501 640 extremam
1544 591 1912 638 senectutem
1958 599 2085 638 non
2122 580 2331 638 minus

409 680 716 758 dignitate,
743 697 921 755 quam
955 677 1148 754 gratia
1178 675 1530 754 fortunaque
1564 675 1845 734 crevisset
1882 676 2120 752 (multas
2160 676 2329 734 enim

413 773 772 832 hereditates
803 772 968 838 nulla
999 771 1116 830 alia
1147 790 1234 842 re,
1268 789 1447 848 quam
1480 769 1761 839 bonitate,
1796 781 1887 828 est
1918 769 2329 844 consecutus),

411 881 690 945 tantaque
723 867 1112 946 prosperitate
1145 885 1291 926 usus
1322 876 1479 926 esset
1512 864 1888 936 valetudinis,
1914 877 1985 924 ut
2018 865 2191 924 annis
2223 865 2330 922 tri-

413 965 580 1044 ginta
605 962 902 1024 medicina
919 982 1040 1022 non
1060 961 1449 1040 indiguisset:
1484 973 1693 1025 nactus
1716 973 1806 1020 est
1826 961 2125 1030 morbum,
2144 980 2335 1037 quem

411 1059 584 1118 initio
627 1071 688 1118 et
729 1058 860 1136 ipse
907 1069 970 1116 et
1011 1056 1233 1116 medici
1276 1067 1733 1116 contemserunt.
1835 1055 1999 1114 Nam
2039 1065 2335 1134 putarunt

415 1174 550 1214 esse
594 1166 922 1222 tenesmon,
963 1152 1062 1212 cui
1105 1149 1372 1211 remedia
1413 1151 1633 1214 celeria
1672 1149 1990 1226 faciliaque
2032 1169 2333 1228 propone-

413 1251 650 1310 bantur.
731 1247 804 1306 In
837 1249 950 1306 hoc
984 1267 1167 1324 quum
1207 1259 1331 1306 tres
1363 1265 1603 1306 menses
1648 1246 1779 1304 sine
1816 1246 1955 1306 ullis
1995 1244 2330 1316 doloribus,

413 1355 810 1422 praeterquam
852 1362 1000 1419 quos
1043 1362 1124 1400 ex
1169 1342 1478 1402 curatione
1526 1341 1819 1420 capiebat,
1857 1341 2289 1402 consumsisset
2314 1363 2333 1400 ε

415 1437 609 1498 subito
653 1449 818 1496 tanta
861 1435 950 1496 vis
996 1436 1191 1496 morbi
1232 1437 1294 1496 in
1332 1437 1518 1496 imum
1552 1436 1896 1498 intestinum
1928 1437 2227 1515 prorupit,
2265 1448 2337 1494 ut

420 1545 696 1592 extremo
747 1543 1018 1610 tempore
1074 1551 1186 1609 per
1241 1533 1483 1592 lumbos
1536 1532 1749 1612 fistula·
1788 1532 1980 1611 putris
2037 1533 2335 1611 eruperit.

417 1628 623 1704 Atque
655 1627 772 1684 hoc
804 1625 1148 1703 priusquam
1181 1625 1240 1684 ei
1275 1625 1587 1696 accideret,
1622 1639 1937 1706 postquam
1970 1628 2031 1685 in
2063 1627 2191 1686 dies
2228 1627 2337 1686 do·

418 1723 582 1784 lores
631 1741 976 1782 accrescere
1017 1721 1333 1799 febresque
1382 1722 1705 1782 accessisse
1753 1723 1955 1792 sensit,
1988 1723 2339 1802 Agrippam

419 1836 710 1898 generum
739 1814 814 1874 ad
835 1835 902 1874 se
931 1816 1152 1875 arcessi
1169 1816 1369 1895 jussit,
1388 1829 1451 1876 et
1470 1837 1607 1876 cum
1628 1837 1702 1876 eo
1724 1817 1797 1876 L.
1820 1817 2168 1878 Cornelium
2189 1820 2337 1878 Bal·-

417 1911 562 1970 bum
607 1911 978 1989 Sextumque
1023 1909 1405 1970 Peducaeum.
1503 1911 1639 1971 Hos
1684 1924 1749 1972 ut
1790 1912 2021 1970 venisse
2064 1912 2231 1984 vidit,
2270 1914 2337 1972 in

421 2007 684 2066 cubitum
712 2006 987 2066 innixus:
1035 2006 1353 2082 Quantam,
1381 2007 1589 2084 inquit,
1616 2027 1831 2066 euram*
1850 2007 2340 2086 diligentiamque

417 2101 480 2162 in
521 2102 846 2162 valetudine
885 2122 1014 2160 mea
1052 2101 1267 2162 tuenda
1303 2102 1410 2166 boc
1450 2111 1697 2179 tempore
1734 2102 2121 2174 adhibuerim,
2150 2123 2341 2182 quum

417 2217 518 2258 voe
557 2209 716 2256 testea
746 2197 1014 2268 habeam,
1039 2197 1196 2254 nihil
1225 2216 1437 2256 necesse
1468 2207 1549 2256 eat
1576 2197 1849 2273 pluribus
1879 2197 2065 2259 verbis
2092 2219 2339 2260 comme-

418 2313 662 2352 morare.
747 2291 970 2368 Quibus
1003 2292 1297 2370 quoniam,
1322 2302 1389 2350 ut
1418 2311 1613 2368 spero,
1630 2292 1905 2372 satisfeci,
1932 2313 2025 2352 me
2055 2295 2213 2353 nihil
2246 2317 2337 2356 re-

419 2386 572 2464 liqui
593 2387 828 2466 jecisse,
863 2386 1015 2464 quod
1053 2385 1138 2445 ad
1181 2386 1513 2446 sanandum
1553 2407 1642 2446 me
1680 2390 2011 2464 pertineret,
2044 2390 2340 2467 reliquum

419 2489 520 2548 est,
541 2491 606 2538 ut
631 2491 848 2556 egomet
873 2481 1024 2540 mihi
1043 2481 1353 2542 consulam.
1414 2481 1491 2542 Id
1515 2502 1613 2542 vos
1632 2482 1907 2558 ignorare
1924 2485 2103 2542 nolui.
2167 2487 2338 2546 Nam

419 2573 571 2633 mihi
595 2584 730 2644 stat,
749 2573 904 2634 alere
927 2575 1186 2634 morbum
1207 2575 1475 2636 desinere.
1537 2577 1806 2654 Namque
1830 2579 1923 2637 his
1942 2579 2143 2638 diebus
2163 2582 2335 2658 quid-

421 2667 566 2745 quid
597 2668 716 2727 cibi
731 2668 1100 2748 potionisque
1135 2673 1332 2744 camsi,
1364 2673 1453 2730 ita
1470 2671 1732 2750 produxi
1769 2674 1971 2744 vitam,
1986 2685 2053 2733 ut
2062 2695 2336 2738 auxenm

420 2763 643 2824 dolores
673 2765 794 2824 eine
830 2786 929 2841 epe
966 2767 1192 2828 salutis.
1280 2767 1480 2844 Quare
1518 2789 1559 2828 a
1599 2769 1761 2830 vobis
1788 2781 1926 2846 peto
1952 2772 2237 2848 primum,
2266 2784 2336 2832 ut

421 2859 723 2922 eonsilium
751 2860 1008 2938 probetis
1055 2882 1284 2924 meum:
1336 2863 1563 2948 deinde,
1602 2884 1671 2922 ne
1687 2865 1931 2944 fnestra
1971 2866 2331 2928 dehortando

423 2956 716 3015 conemini.

499 3143 710 3204 XXII.
751 3144 890 3232 Hac
918 3144 1180 3204 oratione
1198 3145 1401 3208 habita
1427 3157 1596 3206 tanta
1614 3149 1943 3208 constantia
1960 3150 2120 3210 vocis
2148 3163 2329 3230 atque

423 3240 635 3312 vultus,
665 3251 732 3301 ut
763 3259 880 3298 non
913 3260 994 3299 ex
1025 3241 1162 3311 vita,
1189 3241 1299 3300 sed
1334 3262 1413 3303 ex
1446 3241 1622 3302 domo
1654 3241 1715 3305 iu
1749 3242 1993 3303 domum
2024 3245 2331 3306 videretur

421 3336 700 3416 migrare,
723 3354 907 3414 quum
929 3336 1174 3413 quidem
1193 3337 1472 3416 Agrippa
1498 3358 1639 3398 eum
1666 3337 1817 3397 flens
1844 3351 2023 3416 atque
2054 3343 2329 3408 osculans

423 3445 623 3492 oraret
665 3444 840 3512 atque
881 3432 1238 3502 obsecraret,
1272 3451 1349 3492 ne
1392 3431 1471 3490 ad
1502 3432 1584 3503 id,
1612 3433 1772 3512 quod
1812 3448 2022 3494 natura
2066 3449 2327 3515 cogeret,

419 3525 552 3604 ipse
601 3547 838 3606 quoque
883 3525 996 3586 sibi
1043 3528 1425 3598 acceleraret,
1468 3540 1551 3600 et,
1586 3529 1867 3606 quoniam
1912 3542 2039 3589 tum
2086 3553 2328 3612 quoque

418 3633 620 3698 posset
657 3621 1024 3700 temporibus
1067 3642 1405 3702 superesse,
1438 3643 1503 3684 se
1546 3624 1659 3683 sibi
1692 3624 1938 3704 suisque
1975 3642 2327 3700 reservaret,

419 3731 635 3788 preces
687 3717 822 3796 ejus
874 3717 1164 3778 taciturna
1213 3738 1327 3783 sua
1370 3719 1763 3782 obstinatione
1812 3721 2123 3802 depressit.
2226 3726 2328 3788 Sic
