2492 4392
689 385 1089 438 rAnAnoxou,
1118 386 1427 428 V1.--0Ar.
1453 387 1547 427 111.
1985 372 2068 430 89

144 514 433 573 Manilius
455 527 713 593 patrum
731 528 1063 574 nostrorum
1084 516 1371 583 memoria
1391 518 1496 595 (ne
1518 536 1754 594 semper
1768 514 1984 576 Curios
2006 530 2070 577 et

148 608 447 667 Luscinos
481 608 843 686 loquamur)
884 630 1113 689 pauper
1150 611 1390 670 tandem
1429 610 1553 670 fuit.
1634 602 1866 669 Habuit
1907 612 2066 669 enim

145 703 431 761 aedieulas
468 704 535 761 in
568 704 831 775 Carinis,
860 718 923 763 et
954 705 1203 764 fundum
1236 706 1298 763 in
1321 706 1640 765 Labicano·
1721 706 1854 764 Nos
1875 706 2068 784 igitur

142 798 469 869 divitiores„
512 800 627 877 qui
669 801 841 879 plura
867 800 1211 859 habemus?
1292 800 1536 859 Utinam
1578 799 1856 878 quidem!
1940 801 2066 860 Sed

136 912 253 950 non
280 894 695 953 aestimatione
724 915 955 966 census,
976 914 1183 953 verum
1205 896 1366 954 victu
1393 908 1570 973 atque
1601 897 1763 954 cultu
1791 897 2064 957 termina-

140 996 234 1045 tur
276 988 572 1066 pecuniae
627 989 858 1049 modus,
956 994 1055 1048 51.
1106 991 1245 1049 Non
1292 1010 1424 1049 esse
1469 990 1766 1069 cupidum,
1808 986 2065 1072 pectinis

139 1092 259 1139 est:
318 1102 445 1141 non
495 1104 645 1142 esse
688 1104 971 1155 emacem,
1012 1073 1269 1163 vectigal
1311 1096 1414 1143 est.
1511 1085 1876 1144 Contentum
1919 1106 2062 1145 vero

141 1175 259 1233 suis
317 1178 515 1236 rebus
578 1198 731 1249 esse,
786 1180 1061 1240 maximae
1120 1193 1259 1239 sunt
1311 1179 1790 1257 certissimaeque-
1823 1180 2060 1241 divitiae.

140 1268 390 1329 Etenim
434 1273 488 1330 si
527 1272 635 1331 isti
675 1273 874 1331 callidi
912 1259 1113 1332 rerum
1156 1275 1538 1333 aestimatores
1578 1286 1747 1352 prata
1789 1287 1849 1333 et
1891 1295 2060 1335 areas

146 1365 438 1439 quasdam
482 1388 717 1445 magno
756 1368 1063 1438 aestimant,
1093 1368 1256 1445 quod
1290 1368 1348 1427 ei
1389 1368 1591 1446 generi
1622 1370 2058 1446 possessionum

144 1458 389 1519 minime
422 1462 612 1539 quasi
642 1463 839 1521 noceri
864 1475 1061 1541 potest
1084 1486 1099 1521 z
1140 1463 1348 1541 q'usnti
1370 1476 1461 1522 est
1482 1464 1832 1525 aestimands
1856 1465 2056 1535 virtu‘s,

146 1573 277 1629 quas
318 1575 438 1614 nee
485 1553 672 1635 eripi,
700 1576 813 1614 nec
854 1556 1071 1635 surripi
1102 1570 1296 1635 potest
1334 1579 1631 1636 unquamt
1681 1580 1878 1637 neque
1917 1579 2056 1619 nau-

144 1646 330 1726 fragio
376 1657 501 1709 nee'
544 1651 836 1711 incendio
880 1652 1196 1711 amittiturz
1251 1674 1364 1712 nee
1396 1654 1456 1711 vi
1487 1666 1897 1733 tempestatum
1941 1676 2056 1713 nee

146 1752 493 1821 temporum
517 1746 969 1825 perturbatione
990 1749 1273 1807 mutatur!
1359 1748 1503 1820 Qua
1525 1748 1757 1828 praediti
1780 1748 2055 1825 quisunt,

145 1838 250 1895 soli
272 1853 417 1898 sunt
440 1842 685 1899 diviteS.
753 1846 845 1899 52.
874 1841 1003 1899 Soli
1024 1842 1178 1901 enim
1200 1842 1509 1921 possident
1535 1835 1629 1901 res
1651 1856 1710 1900 et
1730 1842 2058 1900 fructuosas

148 1943 205 1987 et
239 1935 657 2012 sempiternas
672 1958 687 2007 ;
736 1936 965 2013 solique
1002 1936 1185 2015 (quod
1224 1950 1316 1995 est
1346 1938 1649 2015 proprium
1687 1936 2054 2011 divitiarum)

148 2030 408 2087 contenti
436 2044 589 2089 sunt
614 2032 793 2089 rebus
818 2032 960 2102 suis,
988 2032 1128 2090 satis
1158 2050 1290 2088 esse
1317 2042 1545 2109 putant,
1576 2030 1732 2106 quod
1764 2042 1878 2100 est3
1915 2030 2060 2087 nihil

152 2136 461 2199 appetunt,
492 2127 667 2185 nuIla
696 2147 763 2184 re
798 2138 993 2205 egent,
1026 2125 1173 2183 nihil
1206 2124 1319 2182 sibi
1353 2124 1564 2182 deesse
1603 2123 1877 2193 sentiunt,
1909 2123 2058 2181 nihil

148 2217 491 2293 requirunt:
530 2221 787 2299 improbi
810 2235 1009 2282 autem
1030 2233 1090 2281 et
1113 2220 1290 2290 avari,
1309 2219 1582 2297 quoniam
1605 2219 1858 2277 incertas
1887 2231 2057 2295 atque

152 2309 209 2366 in
240 2332 383 2371 casu
411 2318 645 2395 positas
670 2306 1073 2395 possessiones
1100 2317 1336 2385 habent,
1366 2327 1426 2374 et
1452 2316 1586 2393 plus
1615 2333 1851 2394 semper
1877 2333 2082 2393 appe--

152 2416 296 2477 tunt,
326 2429 445 2469 nee
481 2431 695 2471 eorum
730 2411 1045 2489 quisquam
1084 2411 1276 2471 adhue
1309 2411 1584 2469 inventus
1618 2423 1722 2480 est,
1751 2410 1864 2481 eui,
1895 2408 2057 2487 quod

154 2498 422 2576 haberet,
446 2519 613 2567 esset
644 2507 817 2580 satis3
860 2527 975 2566 non
1002 2508 1179 2567 modo
1203 2528 1321 2567 non
1349 2508 1572 2587 copiosi
1600 2528 1668 2568 ac
1695 2508 1926 2581 divites,
1949 2506 2057 2567 sed

156 2596 331 2659 etiam
360 2602 581 2685 inopes
614 2624 681 2663 ac
708 2624 1003 2683 pauperes
1031 2604 1406 2663 existimandi
1431 2617 1582 2665 sunt.
1681 2677 1684 2679 v
