2492 4392
657 382 1170 426 Armene—car.
1196 383 1325 435 xv„
1348 379 1499 435 xv1.,
1523 383 1679 424 xvu.
2002 365 2123 426 115

196 511 254 569 in
283 510 568 585 nitendO,
599 515 770 593 quod
793 515 984 574 semel
1012 511 1332 583 annuisset,
1358 525 1525 573 tanta
1556 523 1688 572 erat
1720 531 1885 584 cura,
1912 525 1977 572 ut
2002 531 2123 572 non

195 608 570 681 mandatam,
610 610 725 669 sed
767 631 937 669 suam
982 619 1112 668 rem
1155 609 1463 668 videretur
1510 629 1705 688 agere.
1796 610 2123 687 Nunquam

191 704 458 784 suscepti
493 707 737 785 negotii
771 723 912 764 eum
943 717 1265 785 pertaesum
1304 717 1410 764 est.
1490 705 1675 764 Suam
1716 705 1879 764 enim
1919 705 2121 764 existi-

187 800 526 860 mationem
577 802 647 860 in
687 821 761 860 ea
802 821 872 860 re
911 802 1009 880 agi
1045 800 1327 881 putabat:
1378 821 1498 880 qua
1541 801 1689 859 nihil
1728 801 1991 860 habebat
2024 821 2121 862 ca-

183 897 325 955 rius.
405 897 578 970 Quo
605 897 805 969 fiebat,
833 909 901 956 ut
927 897 1124 956 omnia
1153 897 1238 956 M.
1262 910 1325 956 et
1351 897 1431 969 Q.
1450 897 1831 968 Ciceronum,
1851 897 2119 968 Catonis,

185 991 540 1065 Hortensii,
590 994 740 1052 Auli
786 993 1091 1071 Torquati,
1137 993 1461 1052 multorum
1506 1006 1798 1071 praeterea
1849 993 2119 1071 equitum

181 1083 346 1146 Rom
353 1109 628 1148 anorum
647 1089 888 1168 negotia
907 1097 1267 1167 procuraret.
1330 1088 1432 1146 Ex
1454 1109 1573 1166 qno
1588 1086 1847 1168 judicari
1867 1102 2119 1167 poterat,

181 1189 306 1242 non
332 1184 598 1256 inertia,
629 1185 735 1244 sed
751 1185 986 1265 judicio
1005 1184 1228 1263 fugisse
1254 1185 1604 1265 reipublicae
1624 1185 2117 1264 procurationem.

264 1375 465 1436 XVI.
509 1373 922 1436 Humanitatis
953 1395 1100 1435 vero
1129 1378 1359 1435 nullum
1394 1377 1601 1436 afferre
1634 1378 1823 1457 majus
1860 1379 2119 1438 testimo-

183 1469 362 1530 nium
407 1491 688 1552 possum,
729 1491 909 1550 quam
957 1471 1117 1549 quod
1161 1471 1503 1531 adolescens
1548 1472 1710 1532 idem
1756 1474 1889 1533 seni
1933 1475 2117 1534 Sullae

183 1561 384 1626 fuerit
419 1566 922 1647 jucundissimus,
965 1585 1153 1626 senex
1197 1567 1563 1628 adolescenti
1598 1569 1683 1628 M.
1702 1571 1923 1642 Bruto;
1978 1591 2119 1630 cum

187 1661 548 1739 aequalibus
581 1675 786 1722 autem
817 1663 963 1733 suis,
1001 1661 1084 1734 Q.
1113 1661 1441 1725 Hortensio
1474 1675 1537 1724 et
1574 1665 1658 1725 M.
1684 1649 1993 1736 Cicerone,
2032 1668 2119 1725 sio

187 1757 443 1830 vixerit,
471 1771 544 1816 ut
559 1755 835 1837 judicare
860 1757 1102 1816 difficile
1129 1757 1220 1828 sit,
1243 1760 1343 1818 cui
1367 1761 1528 1820 aetati
1554 1759 1735 1820 fuerit
1763 1761 2117 1839 aptissimus.

193 1853 609 1933 Quamquam
631 1873 770 1913 eum
790 1854 1095 1933 praecipue
1115 1853 1330 1914 dilexit
1350 1856 1587 1926 Cicero,
1606 1869 1673 1914 ut
1694 1871 1769 1914 ne
1790 1857 1974 1914 frater
1994 1855 2118 1931 qui-

195 1949 346 2009 dem
377 1951 444 2011 ei
474 1949 737 2022 Quintus
770 1949 963 2008 carior
987 1950 1166 2010 fuerit
1191 1959 1295 2009 aut
1317 1951 1678 2010 familiarior.
1759 1951 1841 2008 Ei
1866 1949 1957 2008 rei
1986 1961 2121 2008 sunt

194 2045 456 2116 indicio,
487 2055 706 2124 praeter
743 2063 845 2103 eos
876 2043 1076 2115 libros,
1109 2045 1173 2102 in
1207 2045 1423 2122 quibus
1463 2044 1543 2102 de
1582 2063 1657 2102 eo
1694 2044 1837 2103 facit
1873 2045 2120 2102 mentio-

197 2147 378 2212 nem,
409 2139 510 2218 qui
537 2140 599 2198 in
632 2141 842 2218 vulgus
881 2152 1018 2199 sunt
1049 2138 1211 2210 editi,
1242 2137 1556 2197 sexdecim*
1578 2139 1876 2198 volumina
1908 2139 2120 2218 episto·

197 2231 432 2306 larum,
460 2236 538 2294 ab
565 2237 870 2293 consulatu
903 2233 1034 2314 ejus
1067 2253 1260 2312 usque
1298 2233 1377 2292 ad
1409 2245 1741 2292 exn-omum
1773 2245 2014 2314 ternpus
2044 2235 2121 2294 ad

206 2331 488 2390 Atticum
509 2329 854 2389 missarumz
899 2349 1032 2408 quae
1060 2327 1164 2407 qui
1191 2330 1368 2408 legat,
1396 2348 1514 2388 non
1544 2331 1795 2388 multum
1823 2329 2122 2390 desideret

203 2423 528 2487 historiam
555 2437 889 2485 contextam
909 2426 1151 2484 illorum
1178 2435 1531 2505 temporum.
1612 2425 1715 2486 Sic
1740 2426 1901 2486 enirn
1924 2427 2122 2486 omnia

209 2517 294 2582 de
336 2521 550 2581 studiis
581 2522 941 2601 principum,
967 2521 1126 2580 vitiis
1155 2521 1394 2593 ducum,
1422 2521 1843 2584 mutationibus
1884 2524 2119 2604 reipub·-

207 2617 352 2677 licae
380 2616 714 2696 perscripta
739 2627 892 2688 sunt,
919 2629 986 2674 ut
1012 2615 1158 2674 nihil
1185 2616 1245 2674 in
1274 2616 1347 2674 iis
1369 2635 1493 2674 non
1520 2631 1827 2697 appareat,
1856 2633 1917 2680 et
1941 2620 2119 2679 facile

209 2711 551 2771 existimari
576 2710 780 2792 possit,
802 2709 1178 2790 prudentiam
1199 2710 1635 2789 quodammodo
1662 2733 1795 2772 esse
1816 2714 2119 2772 divinatio-

209 2825 374 2865 nem.
456 2805 602 2866 Non
645 2807 805 2865 enim
839 2803 1056 2865 Cicero
1094 2825 1170 2866 ea
1209 2808 1419 2877 solum,
1449 2827 1583 2884 quae
1612 2807 1749 2867 vivo
1788 2827 1855 2866 se
1888 2808 2119 2867 accide-

209 2913 375 2972 runt,
401 2899 603 2961 futura
640 2899 936 2981 praedixit,
969 2901 1078 2962 sed
1110 2903 1308 2972 etiam,
1336 2923 1469 2980 quae
1506 2922 1666 2961 nunc
1702 2921 1813 2960 usu
1853 2902 2119 2971 veniunt,

215 2998 452 3067 cecinit,
481 3006 547 3056 ut
570 3011 757 3058 vates.

296 3189 508 3249 XVII.
550 3189 652 3250 De
684 3190 906 3268 pietate
941 3181 1142 3249 autem
1168 3189 1357 3249 Attici
1385 3188 1527 3268 quid
1561 3190 1736 3269 plura
1767 3207 2119 3248 commemo-

213 3285 387 3345 rem'i
421 3304 606 3363 quum
622 3285 739 3343 hoc
759 3285 955 3364 ipsum
975 3305 1118 3344 vere
1139 3285 1491 3364 gloriantem
1512 3283 1807 3344 audierim
1827 3283 1887 3341 in
1910 3283 2121 3342 fiinere

209 3382 420 3440 matris
448 3399 592 3450 suae,
621 3399 798 3457 quam
825 3379 1046 3438 extulit
1066 3385 1363 3439 ‘annorum
1388 3379 1725 3458 nonaginta,
1753 3398 1934 3456 quum
1968 3390 2124 3438 esset

217 3487 452 3555 septem
486 3484 549 3534 et
581 3473 911 3552 sexaginta,
937 3493 1004 3532 se
1033 3493 1341 3553 nunquam
1375 3481 1511 3533 cum
1542 3485 1737 3532 matre
1771 3475 1832 3532 in
1873 3472 2123 3552 gratiam

215 3571 470 3641 redisse,
504 3585 812 3646 nunquam
851 3589 988 3628 cum
1029 3587 1234 3628 sorore
1274 3569 1457 3627 fixisse
1496 3569 1559 3626 in
1600 3569 1916 3639 simultate,
1942 3587 2122 3645 quam

211 3652 405 3747 prope
446 3665 745 3745 aequalem
774 3661 1050 3724 habebat.
1128 3661 1316 3734 Quod
1346 3674 1440 3720 est
1476 3663 1727 3741 signum,
1756 3675 1857 3722 aut
1896 3664 2123 3722 nullam

219 3781 479 3840 unquam
506 3761 665 3818 inter
695 3777 799 3819 eos
825 3758 1258 3838 querimoniam
1286 3756 1702 3830 intercessisse,
1732 3769 1833 3818 aut
1856 3760 2013 3818 hunc
2046 3777 2124 3818 ea
