2492 4392
625 378 913 423 sommum
946 376 1494 461 ammonia—cu.
1521 377 1612 419 111.
1993 364 2078 423 95
2146 452 2158 461 β

157 511 293 571 dem
318 511 383 573 in
416 510 607 571 terris
631 512 753 582 fiat,
782 510 1103 589 acceptius,
1132 528 1314 589 quam
1349 510 1608 570 concilia
1639 522 1948 589 coetusque
1973 513 2080 571 ho-

156 608 399 678 minum,
438 602 595 687 jure
636 607 867 677 sociati,
904 627 1039 685 quae
1082 606 1349 665 civitates
1399 607 1811 685 appellantur:
1865 607 2078 665 harum

154 714 423 762 rectores
468 715 538 763 et
575 715 1028 761 conservatores
1060 702 1199 759 hinc
1233 702 1489 780 profecti
1527 703 1648 760 huc
1680 714 2079 769 revertuntur.

152 797 273 857 Hic
321 820 464 877 ege,
516 800 635 858 etsi
672 818 839 857 eram
884 797 1260 877 perterritus,
1303 817 1424 856 non
1470 810 1594 855 tam
1641 810 1810 857 metu
1851 799 2076 870 mortis,

150 913 325 970 quam
354 896 721 955 insidiarum
752 916 787 954 a
812 894 981 964 meis,
1002 894 1250 973 quoesivi
1278 907 1500 965 tamen,
1528 894 1830 955 viveretne
1859 896 1990 975 ipse
2017 909 2078 957 et

146 987 379 1052 Paulus
424 1003 627 1071 pater,
670 1003 733 1051 et
776 990 893 1060 alii,
928 1010 1077 1067 quos
1115 1010 1225 1049 nos
1272 990 1592 1049 exstinctos
1638 991 2076 1055 arbitraremur.

146 1082 343 1144 Immo
384 1106 563 1158 vero,
596 1086 809 1165 inquit,
843 1085 887 1143 ii
918 1086 1139 1156 vivunt,
1176 1086 1280 1164 qui
1321 1107 1404 1145 ex
1445 1107 1764 1167 corporum
1807 1089 2077 1161 vinculis,

147 1190 465 1257 tamquam
490 1203 529 1241 e
552 1174 809 1251 cai-dere,
832 1182 1248 1240 evolaverunt:
1285 1194 1485 1240 vestra
1501 1202 1666 1252 vero,
1687 1203 1818 1259 quae
1841 1183 2076 1255 dicitur,

146 1274 265 1335 vita
294 1297 465 1337 mors
498 1289 604 1336 est.
686 1276 859 1349 Quin
884 1289 951 1334 tu
980 1275 1239 1355 adspicis
1269 1276 1345 1335 ad
1372 1288 1432 1336 te
1456 1276 1796 1337 venientem
1818 1279 2078 1338 Paulum

146 1384 387 1448 patrem
408 1374 435 1433 2
503 1373 711 1447 Quem
732 1386 799 1433 ut
815 1372 957 1442 vidi,
980 1370 1262 1450 equidem
1275 1372 1402 1431 'vim
1421 1373 1800 1432 lacrimarum
1820 1372 2077 1454 profudi.

149 1464 263 1525 Ille
284 1480 505 1527 autem
526 1489 624 1528 me
647 1469 1020 1547 complexus,
1043 1480 1221 1545 atque
1253 1471 1522 1529 osculans
1541 1470 1688 1529 flere
1709 1471 2076 1549 prohibebat.

149 1562 357 1641 Atque
404 1586 531 1644 ego
572 1578 639 1623 ut
678 1564 941 1644 primum
981 1564 1124 1623 fletu
1160 1584 1438 1644 represso
1478 1566 1644 1643 loqui
1679 1586 1853 1646 posse
1897 1567 2078 1648 coepi,

152 1660 407 1735 Quaeso,
432 1664 700 1742 inquam,
721 1674 891 1742 pater
916 1662 1286 1723 sanctissime
1315 1677 1494 1743 atque
1510 1665 1772 1745 optime,
1800 1666 2079 1743 quoniam
2104 1696 2112 1703 ·

150 1756 280 1817 haec
318 1773 420 1819 est
451 1759 577 1818 vita
610 1759 699 1836 (ut
724 1758 1073 1818 Africanum
1114 1759 1294 1819 audio
1324 1759 1580 1837 dicere),
1609 1760 1756 1839 quid
1783 1780 1986 1819 moror
2017 1761 2078 1819 in

152 1854 332 1913 terris
361 1856 387 1915 'l
412 1848 582 1933 ‘quin
614 1855 732 1913 huc
774 1854 850 1913 ad
882 1875 985 1914 vos
1024 1856 1227 1914 venire
1269 1857 1580 1935 propero?
1662 1856 1724 1914 N
1729 1876 1806 1913 on
1849 1867 1939 1912 est
1979 1856 2080 1925 ita,

156 1946 356 2026 inquit
400 1952 529 2010 ille.
610 1950 749 2009 Nisi
783 1950 945 2009 enim
976 1952 1147 2010 Deus
1186 1952 1257 2020 is,
1293 1951 1462 2028 cujus
1493 1952 1609 2008 hoc
1651 1950 1946 2027 templum
1991 1962 2085 2007 est

156 2063 361 2117 omne,
386 2046 553 2125 quod
572 2047 882 2125 conspicis,
898 2046 1029 2105 istis
1049 2060 1111 2105 te
1128 2044 1394 2123 corporis
1415 2044 1694 2103 custodiis
1715 2044 2082 2115 liberaverit,

157 2139 277 2201 huc
318 2143 439 2202 tibi
474 2142 673 2202 aditus
712 2154 923 2222 patere
967 2162 1088 2200 non
1120 2152 1337 2220 potest.
1420 2140 1720 2199 Homines
1755 2140 1914 2198 enim
1949 2152 2087 2199 sunt

157 2235 273 2297 hac
304 2241 457 2319 lege
498 2238 784 2318 generati,
814 2238 918 2316 qui
951 2248 1266 2297 tuerentur
1303 2236 1471 2295 illum
1512 2236 1988 2315 globum‚.quem
2021 2234 2085 2293 in

162 2331 277 2391 hoc
302 2336 536 2413 templo
560 2334 827 2393 medinm
854 2333 1041 2403 vides,
1074 2352 1209 2410 quae
1238 2344 1400 2406 terra
1425 2332 1682 2393 dicitur:
1722 2331 1936 2409 hisque
1965 2330 2085 2391 ani-

163 2446 300 2489 mus
330 2431 513 2491 datus
546 2443 636 2489 est
668 2450 749 2489 ex
784 2429 899 2487 illis
932 2427 1311 2509 sempiternis
1339 2428 1598 2508 ignibus,
1627 2448 1760 2506 quae
1795 2426 1990 2486 sidera
2023 2439 2088 2487 et

168 2526 375 2587 stellas
403 2526 664 2599 vocatis3
702 2546 837 2603 quae
866 2525 1146 2604 globosae,
1176 2536 1239 2583 et
1265 2524 1552 2595 rotundae,
1577 2524 1788 2583 divinis
1816 2524 2084 2583 animatae

166 2624 493 2693 mentibus,
521 2622 713 2681 circos
753 2640 895 2679 suos
935 2621 1228 2698 orbesque
1269 2620 1592 2680 conficiunt
1633 2620 1942 2680 celeritate
1975 2621 2084 2679 mi-

170 2718 364 2777 rabili.
448 2718 660 2791 Quare
694 2729 758 2776 et
787 2716 914 2787 tibi,
943 2716 1151 2787 Publi,
1180 2729 1242 2775 et
1275 2716 1393 2796 piis
1427 2717 1701 2777 omnibus
1740 2715 2086 2775 retinendus

170 2825 262 2871 est
298 2813 531 2873 animus
562 2813 627 2871 in
660 2812 928 2872 custodia
959 2812 1262 2891 corporis:
1303 2832 1418 2871 nec
1451 2812 1682 2891 injussu
1717 2812 1865 2891 eju8‚
1895 2832 1932 2871 a
1966 2830 2086 2889 quo

172 2906 273 2969 ille
308 2922 401 2968 est
432 2909 599 2968 vobis
633 2908 825 2978 datus,
854 2928 933 2967 ex
964 2907 1274 2967 hominum
1305 2908 1428 2967 vita
1460 2907 1836 2987 migrandum
1871 2919 1982 2977 est,
2007 2926 2084 2966 ne

171 3022 397 3065 munus
420 3006 745 3065 humanum
779 3004 1141 3082 assignatum
1174 3023 1209 3061 a
1237 3004 1380 3063 Deo
1409 3002 1714 3091 defugisse
1741 3000 2084 3063 videamini.

176 3097 305 3159 Sed
330 3101 434 3171 sic,
458 3099 684 3179 Scipio,
706 3113 773 3158 ut
799 3119 939 3159 avus
965 3099 1064 3158 hic
1090 3111 1247 3171 tuus,
1271 3112 1338 3158 ut
1365 3120 1498 3178 ego,
1523 3099 1626 3177 qui
1654 3112 1716 3157 te
1744 3100 1942 3177 genui,
1961 3100 2088 3177 jus·

176 3183 370 3256 titiam
388 3198 521 3256 cole
560 3206 621 3253 et
646 3195 960 3275 pietatem:
996 3215 1147 3272 quae,
1168 3215 1306 3253 cum
1328 3195 1405 3254 sit
1422 3215 1637 3273 magna
1656 3192 1716 3252 in
1737 3193 2088 3274 parentibus

178 3304 237 3350 et
269 3291 639 3372 propinquis,
666 3304 795 3350 tum
828 3290 890 3349 in
923 3290 1112 3369 patria
1142 3290 1407 3349 maxima
1438 3302 1562 3349 est:
1607 3310 1682 3349 ea
1705 3290 1826 3348 vita
1858 3289 1958 3347 via
1997 3298 2092 3343 est
2142 3350 2148 3359 ¹

178 3387 241 3447 in
272 3372 513 3457 coelum,
542 3399 605 3445 et
630 3387 691 3445 in
715 3387 875 3445 hunc
908 3398 1132 3445 coetum
1166 3390 1396 3455 eorum,
1427 3386 1530 3462 qui
1553 3385 1685 3463 jam
1709 3382 2006 3448 vixerunt,
2031 3391 2092 3437 et

180 3503 432 3563 corpore
478 3482 665 3541 laxati
725 3481 897 3540 illum
939 3481 1205 3540 incolunt
1244 3482 1465 3549 locum,
1507 3495 1688 3556 quem
1728 3476 1898 3534 vides
1942 3474 2094 3551 (erat

184 3594 383 3641 autem
424 3579 479 3637 is
521 3576 1005 3658 splendidissimo
1048 3576 1312 3635 candore
1347 3576 1504 3634 inter
1537 3574 1804 3631 flammas
1851 3572 2092 3629 elucens

186 3677 441 3755 circus);
478 3694 659 3754 quem
684 3693 808 3745 vos,
834 3685 903 3732 ut
934 3692 973 3731 a
1002 3670 1203 3731 Graiis
1231 3668 1564 3749 accepistis,
1595 3666 1803 3725 orbem
1835 3668 2096 3725 lacteum

186 3770 589 3854 nuncupatist
642 3788 722 3829 ex
762 3787 883 3847 quo
920 3766 1121 3828 omnia
1158 3765 1308 3826 mihi
1349 3761 1774 3843 contemplanti
1813 3759 2098 3841 praeclara
