2492 4392
388 366 474 424 74
1076 376 1144 418 u.
1176 375 1237 417 r.
1271 373 1598 416 cmmoms

390 525 453 572 et
476 512 559 572 ita
586 507 723 580 dici,
749 520 817 568 ut
846 507 1262 588 probarentur,
1291 527 1366 566 an
1401 506 1518 564 alia
1550 503 1825 582 quaedam
1859 515 2017 564 esset
2048 501 2338 571 erudita,

392 609 507 666 alia
539 605 841 685 popularis
874 604 1099 664 oratio:
1156 623 1352 681 eoque
1387 601 1598 679 scripsi
1632 598 1936 667 libentius,
1965 599 2128 677 quod
2146 597 2338 666 anibi

391 705 521 773 ista,
538 701 840 778 παράὸρξα
861 720 993 777 quae
1018 700 1342 778 appellant,
1361 697 1621 755 maxime
1642 694 1921 753 videntur
1935 715 2070 752 esse
2093 677 2336 752 Socra-

390 801 509 858 tica
540 800 839 875 longeque
874 794 1193 854 verissima.
1277 799 1333 852 5.
1369 790 1656 871 Accipies
1689 791 1874 870 igitur
1905 791 2019 848 hoc
2050 810 2335 868 parvum

392 894 765 973 opusculum,
792 891 1168 950 lucubratum
1193 890 1286 946 his
1310 889 1438 967 jam
1466 886 1958 946 contractioribus
1990 886 2287 944 noctibus
2312 907 2328 943 t

393 990 673 1068 quoniam
706 987 856 1047 illud
882 987 1177 1065 majorum
1204 985 1548 1064 vigiliarum
1579 1002 1795 1042 munus
1828 983 1890 1040 in
1923 995 2027 1040 tuo
2059 981 2330 1040 nomine

392 1085 704 1164 apparuit:
741 1096 803 1142 et
822 1081 1169 1162 degustabis
1195 1101 1386 1161 genus
1411 1080 1526 1141 hoc
1553 1078 2053 1138 exercitationum
2077 1097 2327 1146 earum,

394 1181 611 1259 quibus
656 1179 746 1238 uti
788 1177 1089 1248 consuevi,
1123 1197 1306 1254 quum
1354 1197 1446 1247 ea,
1484 1197 1616 1254 quae
1657 1174 1938 1236 dicuntur
1975 1173 2038 1230 in
2089 1172 2328 1232 scholis

392 1277 628 1346 θετικά,
652 1275 725 1332 ad
744 1288 1015 1334 nostrum
1032 1274 1149 1332 hoc
1172 1272 1495 1331 oratorium
1523 1271 1816 1330 transfero
1835 1269 2079 1328 dicendi
2101 1287 2324 1346 genus.

396 1371 536 1430 Hoc
582 1383 783 1428 tamen
829 1389 976 1449 opus
1020 1369 1085 1426 in
1129 1379 1444 1447 acceptum
1481 1379 1548 1426 ut
1592 1366 1833 1440 refieras,
1865 1365 2016 1424 nihil
2050 1364 2322 1444 postule.

397 1466 541 1526 Non
575 1478 667 1523 est
698 1465 874 1532 enim,
908 1477 976 1523 ut
1008 1465 1069 1522 in
1108 1485 1245 1524 arce
1281 1462 1423 1544 poni
1455 1463 1664 1542 possit,
1696 1462 1865 1540 quasi
1897 1461 2001 1520 illa
2033 1461 2325 1519 Minerva

399 1559 662 1632 Phidiae3
698 1558 807 1618 sed
834 1571 1051 1630 tamen,
1072 1573 1139 1618 ut
1164 1581 1245 1618 ex
1273 1559 1488 1618 eadem
1515 1555 1750 1619 officina
1771 1557 1976 1618 exisse
2005 1567 2322 1636 appareat.

1045 1858 1085 1903 P
1100 1859 1148 1904 A
1162 1859 1213 1903 Β.
1226 1858 1273 1902 A
1289 1858 1332 1903 D
1349 1862 1392 1907 Ο
1411 1862 1462 1906 X
1479 1864 1522 1909 Ο
1541 1863 1588 1907 N
1633 1861 1672 1907 Ι.

790 1948 905 1996 Ὀτι
922 1946 1072 2012 μόνον
1093 1946 1278 2010 ἀγαθὸν
1299 1946 1358 1995 τὸ
1379 1951 1545 1999 καλόν.

799 2039 935 2102 Quod
956 2039 1201 2088 hortatum
1216 2035 1304 2099 xit,
1329 2040 1380 2088 id
1402 2041 1556 2090 solum
1577 2041 1748 2092 bonum
1767 2058 1888 2092 esse.

486 2141 536 2200 Ι.
576 2146 633 2200 6.
666 2139 955 2208 meon,
984 2111 1059 2196 n⁸e
1094 2136 1192 2195 cui
1223 2147 1486 2198 vestrum
1520 2160 1599 2200 ex
1631 2141 1973 2201 Stoicorum
2005 2141 2322 2200 hominum

408 2234 924 2316 disputationibus,
944 2253 1065 2291 non
1094 2251 1174 2290 ex
1198 2251 1337 2290 meo
1364 2251 1538 2290 sensu
1558 2235 1872 2314 depromta
1893 2237 2025 2296 haec
2043 2237 2324 2296 videatur

406 2331 625 2390 oratio:
662 2331 858 2388 dicam
884 2343 1101 2398 tamen,
1122 2325 1283 2405 quod
1309 2326 1525 2398 senti03
1563 2343 1624 2385 et
1641 2330 1836 2389 dicam
1853 2332 2115 2403 brevius,
2135 2352 2321 2411 quam

404 2445 505 2484 res
544 2438 710 2482 tanta
748 2425 869 2482 dici
904 2424 1113 2503 poscit.
1213 2421 1542 2498 Nunquam
1579 2426 1924 2485 mehercule
1965 2447 2082 2506 ego
2117 2449 2321 2506 neque

406 2519 697 2598 pecunias
714 2518 974 2588 istorum,
992 2539 1184 2596 neque
1206 2530 1366 2602 tecta
1381 2517 1708 2595 magnifica,
1725 2541 1920 2600 neque
1937 2543 2104 2601 opes,
2123 2545 2321 2602 neque

406 2612 677 2691 imperia,
705 2633 902 2690 neque
938 2631 1059 2682 eas,
1090 2614 1305 2690 quibus
1337 2613 1600 2670 maxime
1635 2615 1893 2675 adstricti
1926 2630 2079 2689 sunt,
2110 2620 2319 2698 volup-

406 2720 578 2778 tates,
612 2709 676 2765 in
708 2708 877 2766 bonis
917 2709 1096 2766 rebus
1144 2721 1245 2768 aut
1285 2708 1638 2787 expetendis
1679 2727 1812 2768 esse
1853 2711 2034 2770 duxit
2093 2714 2319 2793 quippe

406 2823 591 2882 quum
611 2802 898 2873 viderem,
919 2803 1188 2862 homines
1214 2803 1393 2862 rebus
1413 2803 1505 2862 his
1525 2803 2003 2864 circumfluentes
2023 2827 2097 2864 ea
2115 2822 2318 2868 tamen

407 2897 751 2958 desiderare
772 2899 1052 2968 maxime,
1072 2899 1291 2977 quibus
1320 2899 1705 2957 abundarent.
1787 2898 2010 2976 Neque
2031 2903 2196 2960 enim
2215 2925 2318 2962 ex-

406 2996 611 3074 pletur
629 3016 909 3074 unquam,
929 3016 1043 3054 nec
1062 2996 1311 3054 satiatur
1330 2993 1669 3073 cupiditatis
1696 2994 1850 3053 sitis:
1883 3015 2080 3073 neque
2103 3000 2317 3070 solum,

406 3109 482 3148 ea
498 3091 600 3167 qui
620 3092 841 3150 habent
874 3091 1129 3150 ‘libidine
1150 3089 1413 3170 augendi
1433 3091 1791 3160 cruciantur,
1811 3090 1919 3148 sed
1943 3091 2122 3148 etiam
2153 3095 2317 3152 amit-

402 3185 570 3245 tendi
590 3200 773 3246 metu.
898 3232 912 3245 .
938 3187 1012 3246 In
1030 3206 1154 3264 quo
1174 3186 1453 3265 equidem
1475 3186 2111 3244 continentissimorum
2133 3189 2316 3248 homi-

302 3356 311 3362 ,
402 3303 567 3353 num,
596 3284 887 3362 majorum
926 3295 1284 3352 nostrorum,
1312 3301 1476 3360 saepe
1514 3280 1758 3358 requiro
1789 3281 2188 3359 prudentiam,
2217 3286 2318 3360 qui

400 3379 532 3436 haec
572 3377 872 3436 imbecilla
912 3391 975 3435 et
1012 3376 1458 3436 commutabilia
1495 3376 1767 3456 pecuniae
1809 3376 2095 3446 membra,
2131 3381 2317 3439 verbo

403 3473 587 3530 Rom
633 3484 998 3552 putaverunt
1044 3472 1420 3550 appellanda,
1463 3491 1648 3550 quum
1695 3493 1763 3530 re
1811 3492 1883 3530 ac
1925 3471 2094 3530 factis
2139 3474 2315 3552 longe

404 3569 582 3626 aliter
600 3567 1048 3646 judicavissent.
1110 3565 1400 3626 Potestne
1418 3567 1641 3625 bonum
1663 3566 1944 3644 cuiquam
1961 3568 2123 3625 malo
2145 3570 2314 3628 esse?

406 3674 508 3717 aut
534 3675 730 3738 potest
751 3662 1067 3739 quisquam
1086 3661 1148 3720 in
1178 3661 1544 3721 abundantia
1565 3662 1854 3722 bonorum
1874 3661 2004 3741 ipse
2033 3682 2170 3721 esse
2195 3683 2314 3722 non

402 3753 633 3816 bonus't
698 3757 904 3834 ‘Atqui
925 3756 1037 3816 ista
1059 3747 1264 3816 omnia
1284 3758 1426 3817 talia
1446 3756 1739 3828 videmus,
1760 3769 1830 3816 ut
1851 3757 2031 3816 etiam
2053 3757 2312 3839 improbi
