2492 4392
416 353 450 412 1
465 353 543 412 14
1071 369 1371 414 contentu
1408 367 1673 414 nato-ris

415 500 582 571 tiam,
612 500 938 560 affectabat.
1019 500 1314 580 Supellex
1338 501 1593 572 modica,
1620 519 1741 562 non
1766 504 1971 575 multa,
2000 517 2071 564 ut
2098 506 2165 566 in
2191 529 2348 570 neu·

415 608 564 654 tram
591 607 821 674 partem
847 595 1105 674 conspici
1133 608 1351 675 posset.
1432 596 1569 656 Nec
1596 598 1933 676 praeteribo,
1962 621 2344 681 quamquam

413 690 712 750 nonnullis
753 691 888 749 leve
928 690 1124 750 visum
1166 691 1242 750 iri
1286 704 1527 771 putem:
1570 713 1755 770 quum
1794 693 2087 772 imprimis
2130 698 2342 760 lautus

413 799 572 846 esset
611 806 797 865 eques
831 787 1154 857 Romanus,
1189 800 1252 846 et
1290 807 1415 846 non
1454 807 1668 866 parum
1705 788 2030 848 liberaliter
2072 791 2338 853 domum

410 901 579 940 suam
619 881 887 940 omnium
941 881 1220 942 ordinum
1274 883 1545 942 homines
1596 883 1903 960 invitaret3
1924 884 2161 957 scimus,
2206 909 2338 948 non

413 977 684 1056 amplius,
734 997 914 1056 quam
965 989 1134 1036 terna
1173 977 1367 1037 millia
1404 978 1559 1049 aeris,
1604 999 1887 1057 peraeque
1938 981 2001 1038 in
2053 982 2335 1062 singulos

411 1093 664 1144 menses,
693 1092 772 1132 ex
801 1073 1184 1153 ephemeride
1211 1092 1353 1132 eum
1378 1093 1713 1152 expensum
1740 1075 1965 1134 sumtui
1991 1074 2155 1136 ferre
2180 1079 2333 1140 soli-

411 1181 556 1228 tum.
633 1169 840 1248 Atque
859 1170 1108 1228 hoenon
1135 1168 1420 1238 auditum,
1443 1169 1550 1228 sed
1572 1169 1882 1248 cognitum
1901 1171 2331 1248 prmdicamus.

411 1263 592 1344 Saepe
620 1266 780 1324 enim
807 1277 1052 1346 propter
1077 1264 1532 1324 familiaritatem
1558 1265 1901 1324 domesticis
1928 1266 2111 1326 rebus
2136 1267 2329 1328 inter-

410 1358 647 1419 fuimus.

491 1551 668 1612 XIV.
709 1551 912 1610 Nemo
951 1551 1014 1609 in
1057 1551 1331 1610 convivio
1370 1552 1503 1631 ejus
1544 1549 1709 1610 aliud
1748 1571 2029 1611 acroama
2070 1552 2329 1626 audivit,

411 1665 593 1724 quam
620 1659 1016 1724 anagnosten:
1055 1646 1212 1723 quod
1235 1664 1345 1706 nos
1372 1645 1616 1724 quidem
1632 1646 2131 1725 jucundissimum
2162 1651 2328 1709 arbi-

410 1751 652 1800 tramur.
727 1741 948 1818 Neque
983 1760 1246 1818 unquam
1288 1741 1419 1800 sine
1460 1741 1659 1822 aliqua
1688 1741 1947 1800 lectione
1986 1743 2148 1821 apud
2176 1765 2331 1804 eum

411 1848 711 1896 coenatum
745 1849 852 1906 est,
881 1849 948 1895 ut
978 1857 1098 1895 non
1133 1836 1329 1896 minus
1362 1836 1577 1906 animo,
1604 1857 1783 1913 quam
1808 1849 2018 1910 ventre
2050 1841 2330 1902 convivae

409 1931 865 1991 delectarentur.
949 1931 1232 2010 Namque
1266 1951 1381 1990 eos
1423 1931 1697 2002 vocabat,
1738 1951 1989 2008 quorum
2038 1951 2243 1994 mores
2291 1957 2333 1996 a

409 2027 536 2087 suis
573 2049 696 2086 non
737 2028 1138 2086 abhorrerent.
1218 2027 1427 2100 Quum
1464 2039 1631 2088 tanta
1662 2028 1931 2106 pecuniae
1964 2028 2119 2088 faeta
2158 2045 2333 2092 esset

407 2123 693 2194 accessio,
725 2124 874 2186 nihil
907 2122 982 2182 de
1015 2122 1365 2201 quotidiano
1396 2125 1563 2182 cultu
1592 2123 1861 2194 mutavit,
1888 2122 2037 2182 nihil
2068 2123 2145 2183 de
2178 2127 2331 2188 vitae

409 2219 869 2279 consuetudine:
903 2231 1182 2296 tantaque
1209 2237 1356 2278 usus
1384 2231 1475 2278 est
1500 2217 1927 2294 moderatione,
1948 2232 2013 2281 ut
2033 2239 2241 2298 neque
2264 2223 2330 2281 in

409 2315 684 2374 sestertio
697 2314 902 2385 vicies,
921 2313 1079 2393 quod
1097 2333 1134 2372 a
1151 2325 1325 2393 patre
1344 2325 1671 2392 acceperat,
1687 2333 1901 2392 parum
1916 2335 1983 2374 se
2000 2316 2329 2394 splendide

410 2411 675 2487 gesserit,
691 2430 890 2489 neque
909 2409 970 2468 in
991 2409 1263 2468 sestertio
1286 2410 1511 2468 centies
1532 2409 1869 2477 affluentius,
1885 2410 2117 2481 vixerit,
2136 2433 2327 2489 quam

409 2503 759 2571 instituerat.
793 2505 1044 2583 parique
1087 2503 1327 2582 fastigio
1372 2503 1610 2564 steterit
1656 2503 1720 2564 in
1768 2513 2013 2582 utraque
2060 2505 2323 2568 fortuna.

411 2597 630 2658 Nullos
655 2597 866 2657 habuit
887 2599 1111 2670 hortos,
1137 2601 1367 2660 nullam
1398 2599 1796 2660 suburbanam
1824 2613 1927 2658 aut
1958 2601 2323 2662 maritimam

407 2704 770 2752 sumtuosam
797 2693 1020 2766 villam,
1047 2713 1246 2774 neque
1273 2695 1335 2754 in
1362 2695 1555 2764 Italia,
1583 2706 1801 2774 praeter
1824 2695 2225 2756 Ardeatinam
2255 2710 2322 2758 et

409 2789 870 2861 Nomentanum,
887 2792 1172 2850 rusticum
1191 2791 1516 2871 praedium:
1550 2791 1869 2868 omnisque·
1884 2792 2015 2870 ejus
2036 2794 2317 2871 pecunias

407 2883 634 2943 reditus
674 2887 971 2946 constabat
999 2887 1064 2946 in
1091 2887 1421 2966 Epiroticis
1455 2899 1517 2946 et
1548 2886 1791 2946 urbanis
1825 2887 2317 2965 possessionibus.

407 2979 511 3038 Ex
543 2999 662 3057 quo
697 2981 974 3059 cognosci
999 2994 1216 3061 potest,
1245 3003 1421 3042 usum
1452 3003 1595 3042 eum
1626 2981 1899 3066 pecunim
1932 3001 2052 3040 non
2084 2984 2315 3062 magni·

406 3075 630 3148 tudine,
657 3076 764 3136 sed
789 3076 1018 3136 ratione
1045 3077 1243 3136 metiri
1270 3077 1533 3137 solitum.

484 3267 626 3328 XV.
668 3267 1058 3339 Mendacium
1101 3287 1298 3346 neque
1340 3267 1599 3340 dicebat,
1640 3288 1841 3346 neque
1874 3268 2013 3348 ,pati
2054 3280 2313 3348 poterat.

406 3366 622 3444 Itaque
655 3365 786 3444 ejus
817 3364 1062 3423 comitas
1091 3384 1213 3423 non
1245 3363 1381 3423 sine
1414 3364 1729 3430 severitate
1762 3377 1911 3438 erat,
1938 3383 2140 3444 neque
2175 3387 2313 3444 gra-

403 3461 552 3520 vitas
579 3460 710 3534 sine
737 3459 1042 3537 facilitate3
1057 3472 1126 3518 ut
1153 3458 1394 3528 difficile
1418 3471 1581 3520 esset
1604 3457 1920 3530 intellectu,
1940 3472 2143 3529 utrum
2169 3482 2313 3522 eum

405 3555 580 3614 amici
611 3555 800 3635 magis
832 3567 1197 3626 vererentur,
1232 3573 1309 3612 an
1348 3565 1637 3614 amarent.
1718 3553 2031 3631 Quidquid
2061 3558 2328 3634 negaba:

403 3662 520 3720 tur,
551 3651 831 3728 religiose
870 3649 1293 3730 promittebatz
1350 3649 1507 3727 quod
1546 3669 1667 3709 non
1704 3650 1986 3721 liberalis,
2020 3652 2129 3710 sed
2160 3653 2311 3712 levis

403 3743 814 3814 arbimbatur,
843 3745 1134 3822 polliceri,
1160 3745 1322 3822 quod
1356 3755 1649 3825 praestare
1678 3764 1799 3804 non
1830 3757 2053 3825 posset.
2134 3747 2310 3811 Idem
