2492 4392
350 370 471 429 106
996 378 1294 423 OOBNELn
1333 376 1596 419 Naro-ris

344 516 515 595 cujus
538 512 741 591 fugam
767 508 1027 588 pecunia
1051 506 1396 567 sublevavit.
1477 507 1589 575 Ac,
1613 525 1692 563 ne
1721 503 1822 563 illa
1846 503 2252 583 peregrinatio

343 608 762 669 detrimentum
785 603 1025 681 aliquod
1049 603 1286 661 afferret
1305 601 1396 660 rei
1414 600 1704 671 familiari,
1727 599 1938 659 eodem
1969 620 2250 685 magnam

344 716 575 783 partem
595 700 963 759 fortunarum
991 696 1227 776 trajecit
1251 716 1512 757 suarum.
1593 695 1716 755 Hic
1743 695 1824 753 ita
1843 694 2010 765 vixit,
2031 708 2100 753 ut
2124 694 2254 753 uni-

342 796 528 857 versis
546 793 1011 855 Atheniensibus
1032 792 1244 851 merito
1267 803 1422 851 esset
1441 790 1790 850 carissimus.
1849 788 1912 849 N
1919 808 2014 847 am
2035 803 2258 869 praeter
2295 805 2302 810 ·

344 892 616 973 gratiam,
644 911 779 969 quoe
799 890 929 968 jam
956 889 1018 947 in
1046 888 1486 947 adolescentulo
1513 908 1729 967 magna
1755 898 1904 957 erat,
1930 906 2099 965 saepe
2125 886 2254 947 suis

344 988 559 1067 opibus
602 986 863 1064 inopiam
912 1002 1117 1043 eorum
1161 984 1464 1063 publicam
1504 985 1737 1043 levavit.
1835 984 2045 1057 Quum
2089 984 2253 1043 enim

344 1102 650 1143 versuram
676 1080 872 1139 facere
902 1079 1141 1159 publice
1172 1098 1422 1137 necesse
1456 1092 1641 1148 εσθαι,-
1659 1099 1857 1157 neque
1885 1080 2016 1158 ejus
2045 1079 2252 1142 condi-

345 1178 574 1237 tionem
614 1195 845 1253 aequam
886 1175 1211 1234 haberent:
1269 1192 1508 1252 semper
1551 1194 1617 1233 se
1659 1174 2032 1253 interposuit,
2069 1187 2250 1252 atque

346 1274 446 1341 ita,
487 1284 553 1331 ut
592 1266 791 1349 neque
836 1288 1074 1329 usuram
1120 1288 1404 1347 umquam
1447 1269 1524 1327 ab
1566 1268 1640 1327 iis
1687 1268 2003 1347 acceperit,
2047 1288 2248 1347 neque

346 1366 603 1445 longius,
640 1384 820 1443 quam
863 1364 1087 1423 dictum
1134 1376 1314 1434 esset,
1347 1363 1570 1422 debere
1613 1382 1820 1441 passus
1865 1364 1958 1423 sit.
2059 1364 2251 1438 Quod

346 1474 661 1538 utrumque
688 1472 815 1518 erat
834 1458 908 1517 iis
934 1460 1209 1517 salutare.
1290 1458 1452 1517 Nam
1477 1478 1672 1535 neque
1699 1458 2066 1537 indulgendo
2087 1460 2247 1519 inve·

344 1568 643 1615 terascere
678 1574 885 1613 eorum
924 1573 1007 1613 ωε
1048 1552 1314 1612 alienum
1349 1553 1700 1632 patiebatur,
1733 1572 1930 1631 neque
1963 1554 2246 1634 multipli-

344 1650 549 1711 candis
586 1650 782 1709 usuris
823 1665 1109 1708 crescere.
1188 1648 1380 1707 Auxit
1409 1648 1524 1707 boc
1555 1648 1817 1707 officium
1855 1648 1974 1707 alia
2005 1668 2246 1727 quoque

344 1744 713 1805 liberalitate.
793 1742 955 1803 Nam
980 1740 1290 1813 universos
1311 1743 1612 1803 frumento
1638 1742 1894 1813 donavit,
1925 1742 2010 1802 ita
2033 1756 2104 1803 ut
2133 1744 2246 1803 sin·-

340 1838 498 1919 gulis
524 1856 633 1897 sex
658 1834 843 1894 modii
868 1834 1049 1933 trsinci
1069 1822 1384 1895 darentur:
1425 1834 1530 1913 qui
1557 1835 1772 1895 modus
1799 1855 2092 1895 mensurae
2121 1854 2250 1895 me·-

340 1933 577 1995 dimnus
604 1926 1239 2012 Atheni's'appellatur.

429 2122 545 2181 III.
580 2121 704 2182 Hic
732 2134 932 2181 autem
953 2122 1045 2181 sic
1068 2140 1135 2181 se
1164 2121 1429 2200 gerebat,
1451 2133 1518 2179 ut
1541 2119 1869 2179 communis
1890 2119 2128 2191 infimis,
2147 2140 2256 2200 par

348 2218 717 2297 principibus
760 2216 1083 2277 videretur.
1164 2216 1312 2288 Quo
1353 2216 1576 2275 factu-m
1619 2227 1731 2285 est,
1765 2228 1832 2274 ut
1863 2215 2005 2273 huic
2043 2236 2254 2275 omnes

347 2313 623 2381 honores,
652 2330 801 2390 quos
833 2323 1092 2389 possent,
1120 2311 1364 2389 publice
1388 2311 1678 2371 baberent
1708 2310 2018 2388 civemque
2049 2310 2252 2371 facere

348 2407 689 2475 studerent3
732 2426 853 2481 quo
886 2404 1179 2464 beneficio
1208 2404 1316 2461 ille
1347 2404 1436 2462 uti
1475 2406 1680 2465 noluit.
1759 2404 1944 2476 Quod
1981 2407 2255 2465 nonnulli
2271 2428 2290 2447 ⁴·

349 2500 435 2559 ita
459 2500 933 2577 interpretantur,
962 2499 1151 2558 amitti
1178 2498 1478 2557 civitatem
1506 2500 1838 2559 Romanam
1866 2499 1982 2559 alia
2007 2501 2254 2561 adscita.

352 2592 663 2665 Quamdiu
713 2592 894 2661 affuit,
934 2613 1011 2651 ne
1052 2611 1173 2671 qua
1216 2592 1334 2651 sibi
1379 2605 1576 2652 statua
1620 2608 1955 2673 poneretur,
1995 2596 2252 2669 restitit3

352 2690 565 2747 absens
592 2687 911 2765 prohibere
944 2708 1064 2745 non
1091 2686 1300 2765 potuit.
1381 2688 1595 2765 Itaque
1631 2690 1854 2768 aliquot
1879 2690 1992 2768 ipsi
2023 2703 2084 2748 et
2109 2691 2256 2750 Phi-

352 2782 469 2842 diae
490 2782 637 2841 locis
663 2781 1045 2840 sanctissimis
1072 2794 1432 2860 posueruntt
1475 2784 1632 2842 hunc
1655 2784 1818 2843 enim
1847 2784 1908 2843 in
1935 2785 2098 2844 omni
2119 2808 2256 2867 pro-

354 2879 659 2937 curatione
677 2876 1019 2954 reipublicae
1036 2889 1296 2935 actorem
1315 2890 1734 2957 auctoremque
1751 2880 2068 2939 habebant.
2136 2882 2255 2961 Igi-

352 2986 454 3031 tur
484 2972 745 3051 primum
770 2970 924 3029 illud
948 2990 1165 3030 munus
1191 2971 1461 3044 fortunae,
1489 2974 1644 3051 qnod
1675 2974 1738 3032 in
1771 2994 1848 3034 ea
1879 2976 2256 3054 potissimum

352 3069 505 3127 urbe
548 3080 718 3126 natus
760 3079 868 3135 est,
902 3066 965 3126 in
996 3086 1119 3145 qua
1152 3066 1522 3127 domicilium
1563 3069 1720 3128 orbis
1759 3081 2054 3130 terrarum
2097 3086 2259 3133 esset

350 3162 607 3242 imperii,
640 3176 707 3222 ut
746 3163 1001 3221 eandem
1040 3176 1103 3223 et
1140 3164 1397 3242 pat-riam
1435 3164 1684 3223 haberet
1721 3177 1784 3223 et
1815 3165 2100 3238 domum;
2141 3168 2258 3227 hoc

347 3259 658 3340 specimen
682 3256 1029 3338 prudentiae,
1044 3258 1229 3337 quod,
1253 3278 1436 3337 quum
1454 3259 1520 3317 in
1541 3278 1675 3317 eam
1699 3278 1768 3318 se
1795 3244 2098 3319 civitatem
2119 3282 2257 3321 con-

348 3356 600 3425 tulisset,
634 3374 767 3431 quae
810 3354 1175 3431 antiquitate,
1211 3353 1600 3421 humanitate,
1635 3353 1906 3413 doctrina
1945 3370 2258 3435 praestaret

348 3468 574 3521 omnes,
603 3470 756 3509 unus
783 3450 841 3509 ei
872 3462 1007 3508 ante
1036 3449 1188 3507 alios
1211 3448 1392 3507 fuerit
1419 3448 1768 3509 carissimus.

428 3640 543 3698 IV.
584 3640 725 3699 Huc
752 3657 831 3699 ex
854 3640 999 3699 Asia
1026 3638 1197 3697 Sulla
1216 3636 1520 3699 decedens
1547 3658 1730 3715 quum
1754 3638 2030 3710 venisset,
2049 3662 2252 3719 quam·

348 3732 456 3791 diu
471 3733 561 3791 ibi
576 3733 706 3805 fuit,
726 3750 930 3799 secum,
948 3732 1155 3793 habuit
1172 3730 1595 3812 Pomponium,
1615 3746 1828 3812 captus
1853 3733 2252 3798 adol‘escentis
