2492 4392
349 340 429 400 78
1031 355 1101 398 u.
1132 355 1191 398 τ.
1222 353 1550 396 emmona

348 488 471 548 sit!
550 487 719 548 Mors
750 484 1029 544 terribilis
1060 498 1155 546 eet
1184 485 1278 555 iis,
1303 504 1558 561 quorum
1587 501 1724 542 cum
1756 481 1878 541 vita.
1907 482 2106 544 omnia
2142 503 2276 542 ex-

348 583 753 661 stinguuntur3
797 600 917 638 non
944 580 1037 648 iis,
1064 599 1317 658 quorum
1345 580 1475 638 laus
1509 578 1698 637 emori
1725 598 1840 638 non
1873 591 2099 656 potest:
2143 599 2272 636 ex·-

348 679 545 736 silium
574 689 773 735 autem
792 675 887 745 iis,
904 675 1119 753 quibus
1140 675 1308 753 quasi
1329 673 1808 751 circumscriptus
1835 685 1924 731 est
1942 673 2272 732 habitandi

346 774 513 832 locus
530 795 545 843 3
589 791 713 830 non
739 770 833 840 iis,
863 770 965 848 qui
992 789 1233 828 omnem
1261 769 1470 826 orbem
1501 781 1794 826 terrarum
1826 788 2003 837 unam
2033 770 2268 828 urbem

350 888 483 928 ease
522 867 759 924 ducunt.
850 866 943 923 Te
982 864 1259 934 miseriae,
1294 877 1356 922 te
1395 884 1673 922 aerumnae
1712 877 2008 942 premunt,
2042 864 2147 940 qui
2186 877 2266 922 te

348 963 609 1032 beatum,
638 961 741 1040 qui
766 962 1086 1020 florentem
1112 972 1320 1039 putas:
1364 973 1484 1018 tuae
1516 959 1794 1018 libidines
1835 973 1894 1017 te
1933 972 2213 1037 torquent
2237 983 2260 1018 t

348 1069 415 1115 tu
439 1057 571 1114 dies
598 1069 923 1134 noctesque
952 1055 1263 1127 cruciaris3
1307 1055 1404 1113 cui
1431 1074 1544 1112 nec
1568 1055 1711 1113 satin
1738 1067 1846 1124 est,
1873 1054 2030 1132 quod
2058 1068 2168 1124 est,
2191 1069 2263 1114 et

350 1151 411 1209 id
438 1153 637 1229 ipsum
676 1171 753 1209 ne
781 1170 901 1208 non
926 1151 1003 1210 sit
1022 1149 1365 1208 diuturnum
1389 1149 1657 1208 futurum
1685 1148 1889 1208 times:
1933 1162 1994 1207 te
2023 1151 2258 1208 consci-

350 1246 527 1314 entiae
550 1246 851 1305 stimulant
871 1244 1291 1302 maleficiorum
1311 1257 1576 1302 tuorum:
1610 1256 1670 1302 te
1691 1257 1882 1303 metus
1908 1245 2258 1302 exanimant

350 1341 711 1420 judiciorum
736 1354 911 1418 atque
930 1341 1133 1417 legum
1156 1363 1171 1398 z
1205 1359 1584 1416 quocumque
1605 1339 1949 1418 adspexisti,
1971 1354 2038 1398 ut
2057 1339 2251 1410 furiae,

352 1435 439 1494 sic
459 1448 577 1494 tuae
598 1435 705 1494 tibi
726 1447 1041 1493 occurrunt
1060 1434 1318 1512 injuriae,
1335 1455 1469 1510 quae
1491 1447 1554 1492 te
1578 1433 1870 1512 respirare
1889 1455 2010 1494 non
2034 1435 2250 1497 sinunt.

354 1535 445 1590 19.
474 1530 886 1603 Quamobrem
908 1541 975 1586 ut
991 1530 1262 1608 improbo
1289 1542 1352 1588 et
1377 1531 1555 1588 stulto
1575 1542 1637 1588 et
1655 1528 1832 1590 inerti
1849 1531 2074 1588 nemini
2093 1531 2250 1590 bene

350 1644 481 1684 esse
518 1637 731 1704 potest,
760 1625 845 1682 sic
872 1624 1059 1682 bonus
1092 1624 1183 1682 vir
1215 1638 1278 1682 et
1308 1624 1477 1683 fortis
1519 1637 1582 1682 et
1621 1625 1856 1703 sapiens
1896 1626 2079 1684 miser
2119 1646 2250 1684 esse

351 1741 469 1779 non
509 1718 715 1798 potefit.
796 1718 932 1777 Nec
971 1739 1133 1790 veru,
1163 1720 1334 1798 cujus
1375 1720 1558 1778 virtus
1605 1739 1922 1798 moresque
1963 1720 2254 1780 laudandi

350 1817 665 1894 sunt,·ejus
698 1834 814 1873 non
847 1814 1141 1874 laudanda
1172 1815 1294 1874 vita
1332 1827 1458 1874 est:
1517 1835 1714 1893 neque
1753 1835 1930 1893 porro
1961 1815 2256 1894 fugienda

350 1911 486 1982 vita,
516 1931 651 1988 quae
686 1909 983 1968 laudanda
1017 1922 1125 1968 est.
1220 1909 1405 1968 Esset
1443 1923 1644 1969 autem
1674 1909 1982 1988 fugienda,
2007 1911 2060 1970 si
2095 1925 2255 1970 esset

350 2007 583 2066 misera.
693 2005 1105 2078 Quamobrem
1144 2004 1465 2083 quidquid·
1481 2019 1572 2063 est
1617 2005 1934 2077 laudabile,
1976 2005 2142 2066 idem
2183 2019 2256 2066 et

348 2099 587 2160 beatum
615 2113 678 2160 et
702 2101 919 2160 florens
944 2113 1005 2158 et
1030 2101 1434 2180 expetendum
1459 2099 1648 2158 videri
1675 2100 1874 2160 debet.

944 2363 1646 2436 PARADoon1n.

690 2479 797 2526 Ὀτι
823 2477 907 2528 ἶσα
928 2480 989 2528 τὰ
1010 2479 1324 2544 ἁμαρτήματα
1347 2480 1430 2528 καῖ
1453 2479 1512 2528 τὰ
1535 2480 1900 2545 κατορθώματα.

689 2570 921 2632 AEqualia
942 2587 1045 2619 esse
1066 2580 1262 2636 peccata
1285 2580 1329 2620 et
1350 2580 1470 2620 recte
1489 2571 1643 2635 facta.

425 2668 477 2727 1.
528 2671 625 2724 20.
668 2665 931 2736 Parva,
915 2669 1127 2746 inquis,
1162 2690 1261 2728 res
1301 2683 1426 2728 est.
1483 2683 1544 2728 at
1585 2691 1801 2748 magua
1839 2673 2028 2750 culpa.
2111 2673 2247 2732 Neo

346 2762 507 2820 enim
532 2773 795 2839 peccata,
816 2782 1021 2821 rerum
1049 2778 1284 2834 eventu,
1306 2764 1415 2826 sed
1437 2764 1591 2824 vitiis
1616 2766 1922 2824 hominum
1948 2767 2246 2826 metienda

346 2869 499 2916 sunt.
580 2857 651 2916 In
688 2878 805 2935 quo
843 2873 1145 2937 peccatur,
1180 2860 1238 2918 id
1277 2874 1475 2938 potest
1521 2859 1680 2921 aliud
1718 2862 1834 2920 alio
1870 2864 2070 2942 majus
2115 2885 2245 2923 esse

348 2965 453 3010 aut
478 2952 703 3011 minus:
747 2953 941 3033 ipsum
968 2955 1213 3033 quidem
1245 2957 1392 3015 illud
1421 2978 1688 3036 peccare,
1717 2980 1952 3037 quoquo
1979 2963 2244 3032 vei-teria,

346 3067 527 3105 unum
556 3061 660 3106 est.
741 3049 893 3107 Auri
918 3070 1128 3108 navem
1157 3065 1389 3111 evertat
1415 3053 1798 3130 gubernator,
1822 3074 1895 3112 an
1922 3057 2146 3134 paleae3
2181 3057 2244 3115 in

345 3161 413 3201 re
461 3143 907 3220 aliquantulum,
948 3145 1010 3202 in
1056 3148 1470 3226 gubernatoris
1517 3149 1750 3208 inscitia
1795 3149 1941 3210 nihil
1979 3151 2242 3211 interest.

346 3236 549 3317 Lapsa
588 3251 678 3297 est
708 3239 897 3297 libido
936 3239 998 3297 in
1036 3241 1288 3300 muliere
1323 3243 1559 3322 ignota:
1610 3243 1781 3303 dolor
1819 3244 1893 3304 ad
1928 3247 2242 3324 pauciores

341 3334 614 3412 pertinet,
650 3354 827 3411 quam
866 3334 918 3392 si
950 3337 1221 3413 petulans
1257 3337 1460 3398 fuisset
1499 3339 1559 3396 in
1601 3340 1801 3418 aliqua
1838 3349 2133 3419 generose
2173 3363 2243 3402 ao

340 3428 522 3486 nobili
553 3429 816 3507 virgine:
862 3429 1131 3508 peccavit
1162 3451 1305 3490 vero
1345 3432 1749 3504 nihilominuS,
1782 3434 1832 3494 si
1865 3437 2111 3512 quidem
2152 3451 2242 3496 est

338 3541 590 3598 peccare
636 3537 935 3602 tamquam
982 3525 1270 3584 transilire
1311 3527 1528 3586 lineas:
1587 3530 1749 3606 quod
1785 3552 1968 3608 quum
2013 3532 2240 3604 feceris,

339 3618 516 3694 culpa
537 3620 841 3678 commissa
862 3633 949 3678 est
970 3643 983 3677 ε
1020 3641 1199 3698 quam
1219 3622 1396 3699 longe
1417 3623 1828 3702 progrediare,
1847 3647 2031 3703 quum
2052 3630 2239 3686 semel

339 3711 653 3781 transieris,
683 3713 757 3772 ad
794 3714 1127 3792 augendam
1160 3718 1400 3794 culpam
1432 3718 1578 3776 nihil
1611 3717 1885 3798 pertinet.
1967 3721 2238 3780 Pecoare
