2492 4392
528 298 559 315 ⁸
580 324 873 372 sommum
906 328 1452 373 stomoma—cu.
1476 331 1556 383 v.,
1581 330 1666 372 vt.
1993 316 2076 377 97

186 459 525 538 conjunctus
564 459 911 538 impatibile,
938 460 1041 519 sed
1084 472 1284 519 tamen
1325 478 1432 539 pro
1473 474 1602 520 rata
1642 464 1828 541 parte,
1845 464 2076 521 ratione

198 553 484 625 distinctis,
514 554 784 633 impulsu
809 568 869 613 et
900 568 1062 614 motu
1094 554 1358 634 ipsorum
1391 557 1626 615 orbium
1659 557 1986 629 conficitur,
2015 572 2078 617 et

189 662 343 707 acuta
384 669 521 708 cum
570 650 853 727 gravibus
894 663 1254 729 temperans,
1288 651 1481 709 varios
1523 652 1898 728 oequabiliter
1941 674 2075 713 con-

183 757 376 802 centus
408 744 629 803 efficit:
674 765 788 804 nec
820 745 982 803 enim
1008 746 1250 805 silentio
1281 746 1428 805 tanti
1463 760 1654 805 motus
1682 747 1914 807 incitari
1943 770 2076 828 pos-

182 851 321 909 sunt,
348 852 408 897 et
446 853 665 899 natura
697 840 829 911 fert,
856 853 923 898 ut
956 853 1224 899 extrema
1257 860 1337 899 ex
1369 842 1554 899 altera
1585 855 1756 921 parte
1797 844 2074 921 graviter,

180 950 251 990 ex
270 934 455 992 altera
477 948 686 993 autem
715 948 885 993 acute
912 948 1147 994 sonent.·
1220 934 1427 1007 Quam
1449 938 1526 995 ob
1547 957 1784 996 causam
1811 958 2077 999 summus

180 1026 271 1085 ille
310 1030 445 1088 coeli
482 1030 743 1089 stellifer
780 1050 1002 1100 cursus,
1037 1030 1211 1109 cujus
1251 1032 1554 1091 conversio
1587 1044 1675 1091 est
1713 1034 2074 1104 concitatior,

178 1135 343 1182 acuto
384 1138 449 1185 et
490 1126 757 1183 excitato
798 1138 1075 1183 movetur
1112 1146 1290 1185 sono:
1351 1127 1698 1205 gravissimo
1741 1142 1939 1188 autem
1978 1131 2076 1190 hie

176 1217 383 1276 lunaris
424 1232 613 1296 atque
653 1220 932 1277 infimust
986 1240 1125 1278 nam
1166 1232 1340 1290 terra,
1384 1242 1560 1292 nona,
1595 1223 1912 1282 immobilis
1953 1246 2075 1284 ma-

175 1328 333 1382 nens,
360 1314 485 1373 ima
524 1313 673 1373 sede
715 1334 954 1393 semper
982 1316 1185 1386 haeret,
1216 1319 1534 1395 complexa
1572 1317 1836 1377 medium
1870 1322 2076 1379 mundi

175 1406 376 1467 locum.
456 1410 557 1468 Illi
594 1422 795 1468 autem·
828 1422 964 1468 octo
1006 1428 1227 1480 cursus,
1257 1411 1317 1469 in
1351 1412 1568 1489 quibus
1610 1413 1822 1475 eadem
1857 1414 1946 1474 vis
1983 1430 2076 1475 est

176 1500 434 1575 duorum,
469 1516 709 1585 septem
742 1504 1000 1563 efficiunt
1033 1504 1333 1565 distinctos
1364 1506 1688 1568 intervallis
1715 1530 1928 1570 sonos:
1971 1512 2074 1589 qui

172 1608 449 1659 numerus
472 1620 681 1659 rerum
706 1600 967 1659 omnium
993 1599 1123 1659 fere
1141 1601 1330 1661 nodus
1345 1599 1476 1663 est:
1519 1603 1678 1681 quod
1701 1605 1859 1663 docti
1884 1607 2073 1664 homi-

174 1709 271 1750 nes
294 1695 491 1754 nervis
520 1695 755 1767 imitati,
778 1708 951 1772 atque
981 1695 1266 1767 cantibus,
1291 1712 1650 1777 aperuerunt
1673 1699 1788 1757 sibi
1815 1700 2074 1759 reditum

173 1786 229 1844 in
263 1788 419 1848 hune
456 1792 689 1861 locum,
731 1790 885 1857 sicut
926 1790 1044 1860 alii,
1095 1792 1197 1869 qui
1236 1794 1650 1872 praestantibus
1699 1793 1970 1869 ingeniis,
2010 1795 2073 1851 in

174 1881 285 1943 vita
300 1885 583 1957 humana,
602 1885 803 1944 divina
821 1886 1013 1945 studia
1032 1888 1358 1945 coluerunt.
1438 1888 1578 1945 Hoc
1598 1887 1794 1946 sonitu
1817 1888 2072 1963 oppletae

174 1995 335 2039 aures
352 1982 669 2041 hominum
697 1981 1167 2041 obsurduerunt=
1211 2001 1324 2040 nec
1352 1992 1442 2039 est
1467 1981 1626 2039 ullus
1645 1980 1919 2037 hebetior
1945 2000 2072 2038 sen-

172 2090 267 2133 sus
291 2074 352 2134 in
373 2077 583 2137 vobis:
628 2078 781 2136 sicut
809 2076 911 2135 ubi
933 2076 1111 2135 Nilus
1141 2074 1217 2132 ad
1237 2074 1362 2144 illa,
1385 2095 1518 2151 quae
1539 2073 1860 2153 Catadupa
1887 2074 2072 2131 nomi-

172 2182 393 2242 nantur,
426 2172 763 2251 praecipitat
806 2192 885 2231 ex
927 2170 1229 2233 ‚altissimis
1271 2169 1586 2239 montibus,
1621 2190 1694 2229 ea
1735 2190 1902 2249 gene,
1938 2191 2072 2246 quae

174 2260 333 2323 illum
358 2267 567 2326 locum
594 2267 823 2337 accolit,
850 2276 1094 2345 propter
1120 2264 1588 2343 magnitudinem
1615 2266 1860 2337 sonitus,
1891 2286 2072 2324 sensu

174 2357 443 2420 audiendi
476 2375 667 2422 caret.·
740 2361 867 2425 Hic
894 2380 1037 2419 vero
1070 2372 1268 2419 tantus
1301 2372 1396 2419 est
1423 2360 1602 2419 totius
1636 2361 1840 2420 mundi
1867 2361 2071 2421 incita-

174 2450 391 2516 tissima
410 2458 799 2518 conversione
820 2455 1064 2526 sonitus,
1082 2468 1149 2515 ut
1172 2474 1310 2514 eum
1333 2475 1504 2514 aures
1525 2456 1828 2519 hominum
1851 2478 2072 2538 capere

174 2564 285 2607 non
322 2554 571 2631 possint,
608 2552 763 2613 sicut
793 2550 1012 2639 intueri
1048 2552 1233 2611 solem
1269 2550 1578 2611 adversum
1609 2555 1882 2631 nequitie,
1917 2556 2072 2633 ejus-

176 2662 285 2719 que
310 2648 489 2707 radiis
525 2648 685 2707 acies
711 2658 910 2705 vestra.
940 2665 1264 2724 sensusque
1292 2645 1564 2705 vincitur.
1644 2649 1800 2707 Haec
1827 2668 1942 2725 ego
1970 2648 2070 2707 ad-

174 2739 403 2814 mirans,
430 2742 769 2805 referebam
794 2754 993 2801 tamen
1021 2742 1221 2801 oculos
1251 2740 1327 2799 ad
1352 2752 1570 2799 terram
1598 2740 1940 2801 identidem.

249 2931 361 2993 VI.
398 2936 562 2997 Tum
579 2935 919 3005 Africanus,
938 2934 1162 3005 Sentio,
1178 2933 1390 3012 inquit,
1405 2946 1464 2993 te
1485 2932 1693 2993 sedem
1715 2933 1896 2991 etiam
1916 2952 2072 2992 nunc

175 3024 473 3091 hominum
514 3053 584 3091 ac
617 3031 861 3090 domum
900 3029 1324 3109 contemplaris
1373 3050 1508 3108 quae
1549 3028 1601 3087 si
1633 3028 1742 3086 tibi
1777 3047 1976 3106 parva,
2009 3042 2074 3086 ut

177 3132 279 3194 ent,
294 3124 379 3186 ita
395 3127 650 3197 videtur,
665 3126 795 3185 haec
816 3125 1077 3185 coelestia
1095 3146 1334 3206 semper
1359 3135 1655 3204 spectatot
1691 3124 1794 3181 illa
1813 3123 2074 3181 humana

181 3224 549 3282 contemnito.
633 3222 731 3281 Tu
771 3221 931 3280 enim
978 3240 1155 3299 quam
1195 3221 1604 3280 celebritatem
1643 3217 1930 3278 sermonis
1971 3217 2072 3275 ho-

178 3312 417 3389 minum,
454 3330 558 3377 aut
589 3337 771 3395 quam
812 3315 1207 3395 expetendam
1248 3317 1501 3395 gloriam
1543 3314 1822 3392 consequi
1854 3314 2071 3391 potes‘l

178 3405 365 3471 'Vides
387 3414 642 3473 habitari
664 3415 727 3471 in
752 3426 911 3471 terra
936 3411 1083 3471 raris
1110 3425 1171 3472 et
1200 3414 1462 3492 angustis
1488 3414 1551 3472 in
1571 3414 1736 3483 locis,
1765 3411 1904 3471 etin
1926 3411 2072 3489 ipsis

182 3508 343 3581 quasi
360 3510 627 3579 maculis,
648 3509 753 3567 ubi
772 3508 1091 3577 habitatur,
1110 3521 1306 3568 vastas
1335 3507 1682 3567 solitudines
1701 3506 2071 3583 intetjectas:

186 3618 420 3681 eosque,
455 3605 559 3683 qui
595 3604 859 3662 incolunt
904 3612 1145 3671 terram,
1188 3621 1311 3660 non
1357 3599 1540 3658 modo
1581 3599 1946 3678 interruptos
1988 3602 2076 3659 ita

186 3712 329 3769 esse,
351 3712 418 3759 ut
434 3699 585 3759 nihil
602 3698 760 3756 inter
780 3696 939 3775 ipsos
961 3695 1037 3752 ab
1064 3695 1195 3754 aliis
1216 3695 1292 3753 ad
1315 3694 1462 3754 alios
1483 3713 1722 3754 manare
1743 3694 1946 3775 possit,
1966 3696 2076 3782 sed

1096 3788 1153 3845 E
