2492 4392
483 411 643 453 sxva
684 410 777 453 nn
818 408 1355 453 smmum—car.
1381 408 1576 463 xxva,
1601 409 1803 451 xxvu.
2037 394 2120 453 67

452 541 758 619 Magnas
788 562 917 601 vero
942 562 1114 619 agere
1136 542 1377 619 gratias
1409 540 1604 600 Thais
1629 540 1824 599 mihi?

170 632 327 693 Satis
350 648 493 694 erat
511 636 927 715 respondere,
953 638 1212 715 Magnas
1229 661 1256 704 ;
1293 637 1563 713 ingentes,
1588 636 1794 713 inquit.
1861 636 2122 715 Semper

173 742 352 807 auget
386 745 765 791 assentator
788 731 868 803 id,
898 732 1057 809 quod
1083 732 1151 801 is,
1180 732 1350 811 cujus
1385 730 1462 790 ad
1488 732 1852 789 voluntatem
1883 731 2118 801 dicitur,

169 825 295 881 vult
314 846 455 884 esse
477 848 812 906 magnum.
891 832 989 886 99.
1016 827 1450 899 Quamobrem,
1473 826 1742 903 quamvis
1765 825 1986 892 blanda
2007 827 2122 885 ista

170 919 403 979 vanitas
434 922 615 1001 apud
642 944 757 981 eos
777 924 990 991 valeat,
1010 922 1113 999 qui
1132 922 1250 1000 ipsi
1270 922 1434 979 illam
1463 922 1742 979 allectaut
1763 934 1825 978 et
1845 921 2089 979 invitant
2101 944 2116 992 3

171 1024 375 1073 tamen
412 1017 613 1075 etiam
656 1017 965 1096 graviores
999 1016 1539 1093 constantioresque
1575 1016 1931 1075 admonendi
1965 1030 2118 1085 sunt,

170 1119 241 1165 ut
280 1110 561 1169 animum
609 1112 944 1182 advertant,
976 1133 1055 1170 ne
1095 1109 1316 1171 callida
1361 1110 1754 1171 assentatione
1797 1112 2118 1189 capiantur.

170 1203 415 1281 Aperte
439 1206 616 1265 enim
642 1208 988 1266 adulantem
1006 1227 1185 1265 nemo
1206 1228 1324 1265 non
1341 1206 1522 1275 videt,
1541 1206 1653 1263 nisi
1671 1207 1776 1284 qui
1799 1206 2120 1265 admodum

176 1310 268 1356 est
288 1319 513 1359 excors
530 1321 550 1360 z
594 1302 853 1362 callidus
872 1304 977 1361 ille
1000 1315 1059 1361 et
1080 1303 1346 1361 occultus
1371 1322 1450 1359 ne
1477 1322 1544 1360 se
1566 1301 1837 1369 insinuet,
1857 1302 2122 1367 studiose

178 1394 524 1455 cavendum
550 1411 669 1457 est,
752 1398 889 1455 Nec
908 1396 1067 1455 enim
1086 1396 1370 1455 facillime
1394 1396 1746 1474 agnoscitur,
1766 1396 1996 1475 quippe
2019 1396 2122 1473 qui

184 1485 366 1544 etiam
396 1489 795 1549 adversando
821 1510 983 1567 saepe
1010 1501 1359 1558 assentetur,
1373 1501 1449 1559 et,
1461 1488 1698 1571 litigare
1723 1508 1790 1547 se
1817 1488 2120 1557 simulans,

181 1578 563 1655 blandiatur,
604 1597 786 1662 atque
834 1584 912 1643 ad
956 1596 1292 1643 extremum
1333 1582 1440 1641 det
1485 1602 1712 1654 manus,
1741 1583 2009 1660 vincique
2057 1604 2122 1641 se

184 1676 479 1751 patiatur3
518 1692 595 1737 ut
614 1680 689 1748 is,
710 1678 813 1757 qui
832 1678 1039 1737 illusus
1068 1677 1164 1747 sit,
1186 1679 1322 1756 plus
1344 1677 1562 1737 vidisse
1581 1670 1872 1736 videatur.
1955 1677 2124 1749 Quid

186 1782 395 1829 autem
416 1775 694 1853 turpius,
710 1793 891 1851 quam
910 1771 1079 1833 illudi
1100 1774 1125 1832 ‘i
1204 1773 1395 1845 Quod
1415 1793 1493 1831 ne
1523 1773 1770 1842 accidat,
1793 1772 2123 1831 cavendum

188 1877 299 1935 est,
320 1879 390 1925 ut
415 1868 483 1926 in
508 1870 847 1948 Epiclero:

436 1964 661 2023 Hodie
684 1984 773 2023 me
800 1973 931 2022 ante
956 1982 1144 2022 omnes
1170 1963 1411 2023 comicos
1435 1962 1640 2019 stultos
1663 1980 1820 2019 senes

454 2060 747 2129 Ver-raris,
774 2070 946 2137 atquc
972 2058 1291 2117 emunxerit
1317 2056 1653 2114 lautissime.

199 2153 340 2210 100.
384 2152 556 2214 Haec
600 2154 758 2213 enim
794 2154 977 2213 etiam
1008 2152 1070 2211 in
1102 2150 1324 2210 fabulis
1363 2150 1712 2209 stultissima
1739 2167 1999 2227 persona
2037 2163 2131 2208 est

196 2243 688 2325 improvidorum
728 2262 791 2308 et
836 2249 1220 2307 credulorum
1260 2264 1491 2305 senum.
1593 2244 1736 2315 Sed,
1771 2244 1974 2302 nescio
2011 2264 2132 2321 quo

198 2356 405 2417 pacto,
426 2347 508 2405 ab
526 2346 800 2405 amicitiis
817 2344 1221 2425 perfectorum
1236 2342 1556 2411 hominum,
1568 2341 1631 2398 id
1649 2353 1754 2411 est,
1771 2340 2130 2419 sapientium

208 2436 313 2512 (de
355 2440 477 2501 hac
519 2442 658 2500 dico
699 2440 1007 2520 sapientia,
1038 2459 1174 2517 quae
1204 2436 1444 2497 ridetur
1476 2437 1537 2495 in
1571 2437 1871 2495 hominem
1912 2435 2130 2496 cadere

209 2536 419 2613 posse)
444 2537 523 2595 ad
550 2539 715 2611 leves
740 2535 1031 2595 amicitias
1053 2533 1298 2593 deflexit
1325 2532 1534 2591 oratio·
1615 2532 2028 2605 Quamobrem
2053 2531 2132 2591 ad

204 2624 313 2686 illa
338 2632 543 2709 prima
566 2631 901 2701 redeamus,
923 2650 1112 2709 eaque
1140 2629 1272 2708 ipsa
1299 2621 1724 2689 concludamus
1753 2628 2090 2705 aliquando.

298 2819 579 2883 XXVII.
620 2821 847 2891 Virtus,
891 2820 1091 2891 virtus,
1134 2820 1398 2897 inquam,
1445 2820 1515 2878 O.
1544 2819 1762 2890 Fanni,
1808 2832 1872 2878 et
1915 2832 2001 2889 tu,
2047 2818 2130 2891 Q.

222 2912 415 2988 Muci,
438 2932 503 2979 et
528 2918 807 2977 conciliat
832 2916 1136 2986 amicitias,
1160 2930 1223 2975 et
1246 2928 1576 2975 conservat.
1657 2914 1728 2973 In
1753 2934 1828 2973 ea
1853 2927 1946 2973 est
1971 2913 2133 2973 enim

220 3014 889 3079 convenientiarernm,
910 3012 973 3069 in
1002 3030 1075 3071 ea
1100 3012 1403 3081 stabilitas,
1427 3011 1490 3069 in
1517 3031 1590 3071 ea
1611 3010 1964 3070 constantia:
1999 3031 2132 3089 quae

226 3126 365 3171 cum
398 3134 465 3173 se
495 3112 723 3183 extulit,
752 3124 813 3170 et
840 3110 1099 3170 ostendit
1124 3111 1328 3169 lumen
1362 3130 1554 3180 suum,
1581 3123 1642 3168 et
1669 3110 1833 3168 idem
1863 3108 2136 3189 adspexit

224 3209 591 3285 agnovitque
624 3208 685 3265 in
720 3206 853 3278 alio,
884 3207 961 3265 ad
986 3206 1050 3264 id
1080 3226 1145 3265 se
1178 3207 1473 3274 admovet,
1501 3206 1879 3283 vicissimque
1915 3204 2136 3282 accipit

228 3297 398 3374 illud,
420 3303 579 3381 quod
599 3303 659 3360 in
686 3305 877 3363 altero
896 3314 1016 3374 est;
1052 3321 1131 3360 ex
1154 3323 1272 3379 quo
1291 3300 1635 3361 exardescit
1661 3302 1786 3358 sive
1809 3318 1990 3366 amor,
2009 3298 2136 3354 sive

232 3398 509 3457 amicitia.
588 3381 927 3476 Utrumque
952 3397 1114 3457 enim
1142 3396 1364 3457 dictum
1393 3408 1486 3454 est
1514 3396 1588 3453 ab
1617 3392 1902 3462 amand03
1940 3410 2138 3449 amare

234 3506 433 3553 autem
462 3492 613 3551 nihil
636 3494 796 3552 aliud
814 3506 925 3562 est,
942 3492 1057 3551 nisi
1076 3512 1213 3551 eum
1236 3494 1435 3571 ipsum
1461 3488 1732 3564 diligere,
1752 3505 1931 3563 quem
1955 3504 2138 3556 ames,

234 3590 399 3649 nulla
424 3588 775 3667 indigentia,
800 3590 965 3647 nulla
994 3586 1250 3645 utilitate
1279 3581 1564 3663 quaesitat
1609 3601 1744 3656 quae
1777 3593 1976 3638 tamen
2009 3581 2144 3659 ipsa

236 3684 555 3745 efflorescit
580 3704 662 3744 ex
689 3684 967 3752 amicitia,
996 3680 1177 3738 etiam
1206 3681 1260 3739 si
1283 3692 1350 3736 tu
1377 3692 1515 3733 eam
1544 3673 1738 3733 minus
1771 3688 2012 3735 secutus
2043 3677 2142 3736 sis.

242 3784 370 3842 101.
420 3780 563 3842 Hac
608 3798 719 3838 nos
770 3778 1181 3838 adolescentes
1220 3765 1636 3834 benevolentia
1677 3790 1852 3831 senes
1897 3771 2028 3833 illos
2069 3773 2144 3834 L.
