2492 4392
729 354 1314 401 rannone-car.
1337 354 1428 410 ιι,
1451 356 1542 398 111.
1719 362 1726 378 ·
2007 336 2092 403 85

147 491 437 552 rinthium
490 489 895 569 cupidissime
938 499 1316 559 metantem,
1357 504 1540 565 quum
1585 488 1718 565 ipse
1759 498 1941 545 πωπω
1977 484 2093 547 Co·

148 588 409 646 rinthum
440 586 903 645 contemsissem
936 598 1132 643 utrum
1152 583 1322 643 illum
1350 583 1542 642 civem
1569 584 1991 654 excellentem,
2015 601 2092 643 an

151 683 483 741 atriensem
506 659 873 760 diligentem
892 679 1164 760 putaret?
1244 679 1590 739 Reviviscat
1607 677 1714 737 Μ’.
1729 679 1968 750 Curius,
1991 692 2094 739 aut

152 798 359 839 eorum
390 777 651 857 aliquis,
678 794 926 855 quorum
950 776 1019 834 in
1040 772 1181 835 villa
1209 794 1282 833 ac
1306 772 1486 833 domo
1512 774 1659 833 nihil·
1687 774 2092 854 splendidum,

149 874 295 931 nihil
326 886 627 933 ornatum
649 872 763 932 fuit
788 884 1009 952 praeter
1034 872 1214 951 ipsos,
1238 884 1302 931 et
1321 870 1519 929 videat
1546 870 1824 948 aliquem,
1843 870 2093 930 summis

149 967 367 1048 populi
380 969 719 1027 beneficiis
745 986 939 1039 usum,
956 968 1302 1027 barbatulos
1327 968 1544 1025 mullos
1572 974 1992 1045 exceptantem
2013 966 2091 1027 de

150 1062 383 1141 piscina
406 1078 473 1123 et
492 1074 1067 1143 pertractantemJet
1086 1076 1484 1121 muraenarum
1507 1061 2058 1140 copiasgloriantem
2072 1070 2100 1121 ,τ’

152 1178 353 1217 nonne
379 1161 553 1219 hunc
581 1159 893 1218 hominem
924 1158 1009 1217 ita
1042 1172 1279 1217 servum
1301 1148 1555 1236 judicet,
1585 1168 1648 1215 ut
1677 1178 1756 1215 ne
1783 1158 1844 1216 in
1871 1157 2096 1219 familia

154 1254 401 1331 quidem
444 1254 737 1334 dignum,
759 1254 987 1333 majore
1037 1253 1235 1329 aliquo
1277 1251 1516 1331 negotio
1551 1252 1764 1331 putet?
1861 1257 1953 1312 39.
1993 1255 2093 1311 An

158 1368 371 1409 eorum
418 1352 693 1410 servitus
728 1349 909 1409 dubia
948 1362 1057 1419 est,
1092 1350 1195 1427 qui
1235 1348 1566 1428 cupiditate
1606 1348 1828 1427 peculii
1868 1350 2095 1407 nullam

158 1445 577 1505 conditionem
618 1458 896 1504 recusant
928 1444 1260 1505 durissimae
1299 1444 1642 1503 servitutis?
1723 1444 2096 1527 Hereditatis

162 1558 300 1617 spes
349 1541 502 1618 quid
552 1541 887 1619 iniquitatis
934 1540 996 1597 in
1049 1539 1360 1599 serviendo
1405 1560 1522 1597 non
1571 1538 1860 1618 suscipit}
1918 1559 2096 1618 quem

160 1647 372 1693 nutum
406 1636 745 1717 locupletis
778 1632 906 1695 orbi
938 1635 1097 1693 senis
1132 1652 1250 1693 non
1283 1634 1602 1695 observat?
1687 1635 1986 1712 Loquitur
2019 1633 2097 1693 ad

165 1732 588 1793 voluntatem:
626 1730 911 1809 quidquid
938 1730 1360 1789 denunciatum
1393 1730 1486 1798 sit,
1509 1725 1687 1788 facitt
1732 1720 2097 1789 assectatur=

166 1825 403 1896 assidet,
424 1838 803 1888 muneratur.
878 1814 1047 1899 Quid
1066 1826 1282 1885 horum
1311 1824 1638 1883 estliberi?
1671 1824 1818 1902 quid
1840 1822 2100 1900 denique

170 1928 282 1978 non
310 1924 475 1981 servi
502 1919 767 1982 inertis'i

248 2112 370 2175 111.
422 2120 523 2174 40.
568 2112 783 2186 Quid‘t
836 2114 963 2195 jam
1006 2112 1112 2171 illa
1156 2108 1473 2189 cupiditas,
1509 2116 1642 2187 q‘uae
1688 2106 1925 2171 videtur
1971 2126 2104 2168 esse

172 2206 499 2283 liberalior,
535 2210 795 2279 honoris,
830 2206 1086 2287 imperii,
1120 2204 1576 2286 provinciarum,
1606 2222 1787 2280 quam
1822 2202 1972 2262 dura
2013 2212 2106 2261 est

179 2300 448 2366 domina!
512 2326 701 2385 quam
746 2304 1103 2385 imperiosa!
1168 2320 1348 2379 quam
1395 2300 1748 2359 vehemens!
1808 2298 2104 2379 Cethego,

176 2397 401 2459 homini
430 2420 558 2462 non
595 2400 1025 2480 probatissime,
1055 2397 1280 2457 servire
1317 2395 1515 2475 coegit
1547 2414 1670 2467 eos,
1699 2394 1802 2473 qui
1829 2394 1942 2455 sibi
1967 2412 2103 2454 esse

185 2484 540 2574 amplissimi
571 2496 958 2566 videbantur3
1000 2514 1252 2553 munera
1277 2493 1529 2564 mittere,
1553 2506 1734 2553 noctu
1762 2492 1970 2553 venire
1997 2492 2101 2553 do-

183 2608 344 2650 mum
375 2595 453 2653 a'd
479 2615 643 2665 eum,
664 2592 914 2673 precari,
938 2591 1197 2669 denique
1226 2590 1578 2669 supplicare.
1661 2590 1820 2663 Quae
1847 2590 2103 2650 servitus

188 2696 291 2755 est,
312 2688 363 2745 si
380 2690 519 2750 haec
537 2689 785 2748 libertas
814 2686 1138 2746 existimari
1158 2685 1395 2765 potest'l
1477 2684 1685 2758 Quid?
1720 2704 1905 2763 quum
1936 2684 2103 2765 cupi-

187 2777 436 2843 ditatum
473 2786 814 2845 dominatus
851 2782 1125 2853 excessit,
1155 2775 1215 2841 et
1246 2782 1399 2840 alius
1433 2792 1520 2841 est
1551 2781 1826 2840 dominus
1862 2794 2103 2841 exortus

192 2889 265 2932 ex
302 2880 669 2941 conscientia
700 2890 1096 2959 peccatorum,
1130 2878 1341 2949 timor3
1388 2898 1568 2956 quam
1603 2891 1694 2937 est
1725 2876 1831 2935 illa
1865 2876 2102 2946 misera,

191 2990 361 3046 quam
407 2977 565 3037 dura
610 2976 904 3035 servitus!
996 2974 1502 3033 Adolescentibus
1549 2975 1757 3053 paullo
1803 2973 2101 3052 loquacio-

194 3065 353 3128 ribus
385 3086 477 3133 est
510 3071 891 3133 serviendum
910 3088 929 3127 t
979 3090 1201 3139 omnes,
1230 3070 1333 3148 qui
1367 3069 1594 3147 aliquid
1627 3070 1778 3128 scire
1810 3068 2102 3137 videntur,

194 3172 497 3243 tamquam
532 3168 779 3238 domini,
806 3166 1107 3225 timentur.
1186 3166 1229 3225 J
1230 3164 1392 3226 udex
1425 3186 1570 3225 vero
1605 3175 1890 3243 quantum
1920 3164 2104 3222 habet

202 3255 601 3324 dominatum!
661 3282 779 3341 quo
820 3261 1034 3321 timore
1077 3272 1363 3321 nocentes
1402 3260 1611 3319 afficit!
1705 3261 1806 3317 An
1847 3258 1966 3314 no'n
2013 3266 2105 3312 est

202 3356 391 3417 omnis
431 3372 629 3419 metus
672 3358 967 3417 servitusi
1062 3362 1158 3417 41.
1202 3356 1370 3430 Quid
1412 3358 1571 3415 valet
1612 3356 1794 3433 igitur
1836 3353 1941 3408 illa
1982 3350 2103 3407 elo-

208 3452 567 3525 quentissimi
598 3455 727 3525 viri,
762 3454 836 3514 L.
858 3454 1079 3524 Crassi,
1114 3454 1357 3529 copiosa
1398 3451 1607 3526 magis,
1644 3466 1822 3525 quam
1869 3442 2104 3520 sapiens

208 3547 431 3609 oratio?
512 3550 751 3627 Eripite
780 3571 883 3610 nos
914 3570 983 3607 ex
1014 3548 1295 3604 servitute.
1377 3544 1538 3613 Quae
1571 3553 1662 3599 est
1688 3541 1798 3597 ista
1833 3535 2104 3608 servitus,

210 3648 327 3700 tam
356 3648 515 3707 claro
537 3644 783 3719 homini,
804 3656 1043 3718 tamque
1070 3636 1299 3697 nobili‘t
1379 3632 1589 3692 Omnis
1617 3632 1797 3692 animi
1819 3628 2108 3690 debilitati

213 3746 275 3811 et
286 3737 522 3803 humilis
543 3753 606 3803 et
624 3737 793 3802 fracti
811 3734 1097 3800 timiditas
1122 3728 1377 3792 servitus
1405 3735 1511 3788 est.
1595 3725 1788 3790 Nolite
1811 3726 1991 3787 sinere
2007 3744 2122 3817 nos·
