2492 4392
289 309 366 366 12
740 323 808 363 m.
841 323 902 362 Τ.
935 303 1265 362 cressonis
1302 318 1467 360 cAro
1508 317 1735 368 naason,

282 457 424 525 nim,
459 467 527 512 ut
559 454 640 518 ait
665 453 988 520 Homerus,
1023 473 1092 510 ea:
1125 452 1244 529 ejus
1276 452 1485 526 lingua
1518 450 1683 506 melle
1714 449 1937 509 dulcior
1958 449 2201 526 fluebat

281 554 470 612 oratio
479 575 506 618 ,·
541 570 718 625 quam
751 548 824 606 ad
845 547 1391 606 suavitatem‘nullis
1414 547 1631 623 egebat
1650 545 1915 623 corporis
1936 545 2197 614 viribus;

271 662 340 710 et
361 661 561 704 tamen
585 644 714 702 dux
733 645 838 701 ille
861 642 1116 702 Graeciae
1137 661 1429 718 nusquam
1452 654 1636 719 optat,
1656 654 1723 698 ut
1740 641 1945 720 Ajacis
1968 641 2201 699 similes

281 744 501 800 habeat
531 741 764 807 decem,
793 752 856 797 at
887 753 954 796 ut
982 737 1295 808 Nestoris;
1338 736 1493 812 quod
1530 737 1583 794 si
1611 737 1910 806 acciderit,
1936 757 2051 794 non
2084 737 2203 794 du-

282 839 449 905 bitat,
470 837 611 915 quin
633 835 803 894 brevi
823 835 900 892 sit
917 834 1108 912 Troja
1131 833 1416 911 peritura.
1498 837 1593 890 32.
1626 831 1752 890 Sed
1772 833 1957 890 redeo
1980 832 2057 889 ad
2078 852 2199 890 me.

285 928 585 1005 Quartum
631 951 848 990 annum
891 949 1006 1008 ago
1047 943 1108 987 et
1149 928 1617 1006 octogesimum:
1660 929 1874 986 vellem
1910 927 2199 1004 equidem

284 1027 446 1085 idem
491 1047 664 1104 posse
705 1024 962 1103 gloriari,
997 1023 1159 1101 quod
1193 1023 1427 1100 Cyrus;
1486 1022 1594 1080 sed
1635 1029 1835 1082 tamen
1878 1025 1993 1081 hoc
2036 1043 2197 1101 queo

285 1122 504 1189 dicere,
531 1142 648 1179 non
680 1141 780 1178 me
813 1119 1056 1196 quidem
1089 1119 1161 1176 iis
1197 1139 1331 1178 esse
1362 1119 1607 1188 viribus,
1636 1119 1852 1196 quibus.
1886 1130 1989 1181 aut
2020 1119 2199 1176 miles

287 1219 448 1276 bello
476 1218 727 1287 Punico,
757 1230 860 1274 aut
887 1228 1146 1293 quaestor
1173 1215 1387 1274 eodem
1408 1216 1587 1284 bello,
1618 1229 1719 1274 aut
1746 1217 1949 1273 consul
1972 1216 2032 1272 in
2056 1214 2198 1272 His-

285 1315 464 1392 pania
481 1313 716 1381 fuerim,
741 1325 842 1370 aut
871 1311 1263 1388 quadriennio
1288 1324 1441 1388 post,
1464 1332 1603 1370 cum
1624 1311 1897 1368 tribunus
1924 1297 2199 1369 militaris

287 1409 630 1487 depugnavi
659 1408 818 1486 apud
850 1408 1301 1485 Thermopylas,
1332 1408 1439 1466 Μ’.
1462 1408 1663 1466 Acilio
1694 1407 2019 1466 Glabrione
2056 1428 2196 1466 con-

285 1507 452 1568 sule:
497 1503 603 1561 sed
631 1517 850 1576 tamen,
887 1515 954 1560 ut
982 1523 1086 1561 vos
1115 1503 1358 1574 videtis,
1398 1523 1515 1560 non
1543 1505 1723 1582 plane
1752 1525 1849 1562 me
1874 1505 2197 1574 enervavit,

287 1619 402 1664 nec
430 1599 634 1656 afflixit
659 1611 970 1657 senectus:
1013 1618 1130 1656 non
1161 1598 1329 1660 curia
1356 1599 1511 1658 vires
1538 1619 1702 1656 meas
1730 1599 2049 1668 desiderat,
2072 1620 2197 1658 non

287 1708 494 1763 rostra,
528 1715 646 1754 non
683 1693 877 1762 amici,
910 1714 1029 1752 non
1063 1694 1327 1764 clientes,
1356 1716 1473 1753 non
1506 1695 1785 1774 hospites.
1868 1694 2005 1755 Nec
2040 1697 2199 1754 enim

289 1811 548 1867 unquam
597 1811 731 1848 sum
779 1810 1056 1848 assensus
1099 1790 1287 1848 veteri
1329 1791 1415 1848 illi
1460 1791 1815 1869 laudatoque
1861 1793 2200 1870 proverbiO,

289 1886 448 1964 quod
469 1899 685 1956 monet,
701 1885 1082 1962 maturefieri
1101 1907 1303 1956 senem,
1323 1888 1375 1944 si
1396 1886 1499 1945 diu
1520 1887 1657 1946 velis
1678 1907 1791 1946 esse
1810 1909 1991 1947 senex.
2013 1913 2018 1917 ·
2060 1889 2200 1966 Ego

289 2003 434 2040 vero
465 2004 560 2041 me
587 1983 782 2042 minus
811 1982 915 2042 diu
941 2004 1148 2042 senem
1175 2003 1307 2042 esse
1334 1985 1593 2053 mallem,
1624 2004 1803 2062 quam
1830 2005 1963 2043 esse
1992 2005 2201 2043 senem

291 2093 448 2148 ante,
483 2099 660 2155 quam
709 2099 924 2138 essem.
1015 2079 1234 2156 Itaque
1278 2099 1457 2137 nemo
1502 2079 1699 2138 adhuc
1744 2080 2059 2138 convenire
2102 2101 2201 2139 me

289 2174 489 2242 voluit,
524 2174 622 2232 cui
659 2175 877 2236 fuerim
926 2187 1271 2252 occupatus.
1363 2175 1448 2231 At
1492 2175 1689 2232 minus
1728 2176 1923 2234 habeo
1965 2175 2202 2245 virium,

290 2289 468 2345 quam
515 2282 780 2326 vestrum
829 2269 1082 2327 utervis!
1187 2274 1283 2326 33.
1332 2269 1431 2326 Ne
1480 2289 1584 2326 vos
1626 2270 1869 2346 quidem
1906 2271 1975 2329 T.
2000 2271 2203 2333 Pontii

291 2363 650 2421 centurionis
669 2362 824 2418 vires
847 2362 1104 2422 habetis:
1141 2384 1284 2421 num
1308 2361 1535 2424 idcirco
1556 2377 1648 2422 est
1670 2364 1771 2422 ille
1794 2368 2201 2443 praestantior?

291 2456 618 2514 moderatio
650 2457 831 2514 modo
863 2457 1076 2514 virium
1111 2458 1282 2526 adsit,
1314 2462 1373 2516 et
1405 2470 1653 2528 tantum,
1682 2474 1971 2538 quantum
2006 2477 2205 2542 potest

292 2551 564 2626 quisque,
601 2551 852 2622 nitatur3
902 2573 994 2610 nae
1029 2551 1132 2610 ille
1166 2573 1281 2611 non
1316 2575 1533 2632 magno
1566 2555 1868 2635 desiderio
1900 2561 2205 2618 tenebitur

290 2645 539 2704 virium!
623 2646 922 2725 Olympiae
951 2669 1060 2725 per
1091 2649 1347 2708 stadium
1377 2650 1679 2728 ingressus
1714 2673 1845 2723 esse
1878 2654 2027 2712 Milo
2056 2655 2200 2714 dici-

289 2754 404 2808 tur,
435 2761 568 2800 cum
597 2743 860 2800 humeris
887 2744 1204 2802 sustineret
1229 2745 1441 2804 bovem
1470 2747 1685 2805 vivum.
1766 2749 1985 2807 Utrum
2015 2751 2204 2828 igitur

289 2836 395 2894 has
430 2837 710 2916 corporis,
745 2857 821 2894 an
851 2838 1210 2916 Pythagorae
1245 2841 1356 2925 tibi
1384 2843 1551 2900 malis
1586 2844 1744 2901 vires
1772 2843 1995 2922 ingenii
2024 2845 2151 2904 dari
2176 2848 2201 2905 ’ἒ

289 2931 570 3008 Denique
601 2933 710 2992 isto
739 2935 896 2991 bono
925 2946 1110 3002 utare,
1139 2934 1281 2992 dum
1312 2937 1499 3011 adsit3
1542 2958 1677 2996 cum
1706 2939 1875 3009 absit,
1897 2961 1977 2998 ne
2005 2942 2199 3018 requi-

288 3046 421 3084 ras:
463 3027 580 3086 nisi
607 3027 760 3086 forte
789 3027 1194 3104 adolescentes
1221 3033 1561 3108 pueritiam,
1590 3036 1833 3112 paulum
1859 3048 2037 3094 aetate
2063 3057 2199 3114 pro·

289 3123 476 3200 gressi
497 3123 952 3184 adolescentiam
973 3125 1228 3184 debeant
1247 3128 1571 3203 requirere.
1642 3130 1869 3190 Cursus
1892 3145 1981 3189 est
2002 3147 2197 3192 certus

287 3218 497 3288 aetatis,
529 3233 590 3277 et
618 3241 734 3278 una
761 3221 856 3278 via
882 3233 1128 3294 natum,
1157 3242 1351 3298 eaque
1386 3224 1677 3302 simplex3
1722 3245 1949 3303 suaque
1978 3228 2195 3305 cuique

287 3315 444 3391 parti
473 3315 658 3372 aetatis
685 3315 1114 3392 tempestivitas
1143 3329 1234 3373 est
1262 3317 1431 3387 data;
1475 3331 1539 3374 ut
1567 3331 1629 3375 et
1649 3319 1953 3379 infirmitas
1983 3343 2195 3400 puero-

286 3428 438 3478 rum,
458 3423 519 3468 et
535 3410 810 3468 ferocitas
822 3411 1132 3487 juvenum,
1151 3423 1212 3467 et
1230 3412 1485 3487 gravitas
1495 3413 1623 3490 jam
1642 3417 1963 3474 constantis
1986 3420 2193 3491 aetatis,

288 3516 353 3560 et·
377 3505 696 3563 senectutis
725 3505 1029 3564 maturitas
1055 3508 1321 3564 naturale
1342 3507 1622 3584 quiddam
1643 3510 1877 3581 habeat,
1900 3515 2060 3589 quod
2084 3536 2195 3574 suo

287 3609 556 3676 tempore
597 3601 830 3679 percipi
863 3601 1095 3660 debeat.
1179 3607 1273 3660 34.
1309 3603 1539 3663 Audire
1574 3618 1635 3664 te
1670 3606 1937 3679 arbitror,
1968 3609 2189 3688 Scipio,

287 3693 504 3772 hospes
537 3708 674 3754 tuus
709 3697 902 3756 avitus
931 3697 1251 3758 Masinissa
1276 3719 1413 3776 quae.
1438 3699 1619 3760 faciat
1643 3701 1842 3777 hodie,
1870 3705 2191 3784 nonaginta
