2492 4392
573 388 736 431 siva
779 389 868 429 ns
905 387 1445 431 Au10111A.—0Ar.
1478 388 1587 441 vn,
1612 388 1721 431 vu.
2042 374 2127 431 43
2210 424 2221 431 .

175 516 344 577 rimas
371 518 666 578 continet
687 539 706 577 ε
749 540 996 597 quoquo
1023 532 1084 578 te
1103 518 1373 589 verteris,
1394 531 1617 598 praesto
1644 531 1771 589 est;
1808 520 1971 577 nullo
1990 520 2127 579 loco

175 614 548 686 excluditur3
587 636 926 693 nunquam
955 615 1385 693 intempestiva,
1406 636 1713 693 nunquam
1742 616 1989 675 molesta
2016 629 2123 686 est,

181 707 374 786 itaque
404 730 534 767 non
565 731 774 789 aqua,
797 730 919 769 non
947 711 1090 789 igni,
1108 724 1175 768 ut
1203 711 1383 780 aiunt,
1408 711 1681 788 pluribus
1702 711 1847 769 locis
1874 711 2119 782 utimur,

169 823 344 897 qua‘m
379 805 686 865 amicitia.
785 806 1006 884 Neque
1039 826 1155 884 ego
1187 826 1349 864 nunc
1376 806 1454 863 de
1481 806 1730 883 vulgari,
1760 819 1861 863 aut
1886 805 1961 865 de
1996 826 2117 864 me·

167 895 346 955 diocri
389 902 570 979 (quae
621 914 842 959 tamen
880 901 1014 979 ipsa
1061 914 1123 959 et
1162 901 1439 970 delectat,
1474 913 1537 959 et
1578 899 1863 978 prodest),
1896 900 2005 959 sed
2038 900 2115 960 de

164 1009 299 1051 vera
343 1007 408 1052 et
452 996 766 1074 perfecta
803 998 1032 1073 loquor,
1067 996 1257 1074 qualis
1305 1016 1530 1063 eorum,
1566 996 1670 1072 qui
1710 996 1887 1074 pauci
1928 998 2115 1055 nomi-

163 1100 392 1159 nantur,
412 1090 556 1149 fiait.
651 1091 829 1149 Nam
851 1104 912 1150 et
932 1091 1221 1149 secundas
1240 1112 1335 1149 res
1356 1090 1787 1169 splendidiores
1808 1092 1951 1151 facit
1973 1093 2113 1151 ami-

167 1180 316 1251 citia,
345 1197 411 1242 et
440 1184 754 1245 adversas
782 1185 1048 1265 partiens
1075 1186 1641 1263 communicansque
1668 1186 1941 1246 leviores.

251 1372 397 1432 VII.
441 1380 550 1435 23.
589 1377 891 1455 Cumque
921 1370 1210 1455 plurimas
1243 1388 1307 1434 et
1340 1376 1629 1436 maximas
1664 1378 2113 1439 commoditates

171 1467 424 1528 amicitia
447 1472 799 1541 contineat,
819 1485 944 1530 tum
960 1473 1064 1529 illa
1082 1472 1359 1530 nimirum
1380 1485 1619 1551 praestat
1640 1474 1931 1544 omnibus,
1950 1475 2113 1552 quod

172 1565 385 1627 bonam
415 1590 608 1649 spem
641 1574 937 1652 praelucet
963 1572 1023 1629 in
1053 1585 1380 1650 posterum,
1402 1592 1513 1629 nec
1540 1571 1837 1632 debilitari
1868 1573 2109 1644 animos,

173 1674 272 1719 sut
307 1665 542 1725 cadere
580 1668 834 1746 patitur.
912 1667 1146 1725 Verum
1191 1667 1373 1725 etiam
1416 1667 1672 1726 amicum
1706 1669 1809 1746 qui
1836 1670 2112 1739 intuetur,

173 1767 480 1835 tamquam
534 1764 864 1842 exemplar
909 1762 1150 1840 aliquod
1183 1762 1454 1821 intuetur
1504 1762 1616 1821 sui.
1696 1764 2003 1835 Quocirca
2051 1778 2115 1822 et

177 1851 454 1913 absentes
491 1857 749 1928 adsunt,
779 1871 838 1915 et
869 1870 1118 1935 egentes
1152 1857 1468 1928 abundant,
1498 1871 1561 1916 et
1586 1858 1871 1915 imbecilli
1899 1860 2114 1928 valent,

183 1958 258 2015 et,
291 1951 464 2025 quod
502 1952 823 2011 difficilius
864 1952 1026 2010 dictu
1069 1964 1177 2021 est,
1213 1954 1435 2011 mortui
1468 1953 1708 2011 vivunt:
1768 1964 1967 2011 tantus
2010 1972 2115 2012 eos

177 2039 384 2115 honos,
413 2048 750 2116 memoria,
779 2040 1136 2106 desiderium
1172 2048 1549 2125 prosequitur
1590 2046 1931 2104 amicorum.
2014 2048 2116 2106 Ex

185 2155 300 2211 quo
334 2140 592 2202 illorum
627 2145 809 2202 beata
847 2163 1004 2201 mors
1043 2142 1301 2211 videtur,
1369 2143 1581 2199 horum
1624 2141 1745 2199 vita
1785 2141 2117 2202 laudabilis.

186 2230 372 2302 Quod
391 2239 446 2295 si
469 2238 786 2299 exemeris
815 2260 893 2297 ex
913 2259 1112 2297 rerum
1141 2252 1353 2297 natura
1371 2236 1806 2295 benevolentiae
1836 2237 2115 2316 conjunc-

191 2326 433 2404 tionem,
466 2355 591 2394 nec
626 2335 840 2393 domus
875 2337 1012 2403 ulla,
1040 2354 1158 2393 nec
1193 2335 1336 2391 urbs
1374 2346 1533 2391 stare
1572 2332 1821 2411 poterit;
1871 2354 1948 2391 ne
1986 2335 2117 2413 agri

193 2423 436 2498 quidem
455 2433 662 2490 cultus
677 2430 1067 2509 permanebit.
1125 2429 1198 2487 Id
1217 2430 1267 2487 si
1284 2430 1477 2487 minus
1493 2428 1865 2506 intelligitur3
1896 2442 2118 2507 quanta

197 2517 282 2576 vis
307 2524 594 2586 amicitiae
618 2526 1075 2603 concordiaeque
1103 2524 1196 2595 sit,
1219 2545 1299 2583 ex
1321 2524 1781 2583 dissensionibus
1802 2538 1981 2603 atque
2002 2526 2116 2584 dis-

197 2615 408 2676 cordiis
454 2621 694 2699 percipi
738 2634 950 2699 potest.
1033 2621 1193 2692 Quae
1245 2620 1404 2677 enim
1448 2619 1657 2678 domus
1704 2633 1824 2679 tam
1871 2622 2115 2693 stabilis,

203 2728 329 2783 quae
371 2726 497 2774 tam
533 2718 712 2775 firma
751 2716 960 2774 civitas
989 2728 1093 2785 est,
1123 2736 1254 2792 quae
1295 2736 1415 2773 non
1457 2715 1605 2774 odiis
1642 2728 1817 2793 atque
1851 2716 2113 2776 dissidiis

200 2802 462 2869 funditus
495 2813 688 2892 possit
723 2812 951 2871 everti't
993 2832 1073 2871 ex
1109 2831 1244 2889 qu0,
1276 2825 1562 2889 quantum
1590 2811 1733 2869 boni
1765 2811 1841 2869 sit
1874 2812 1935 2869 in
1972 2812 2114 2871 ami-

207 2899 356 2972 citia,
375 2906 648 2983 judicari
677 2920 889 2986 potest.
971 2912 1068 2965 24.
1091 2907 1561 2985 Agrigentinum
1592 2906 1854 2983 quidem,
1873 2906 2116 2966 doctum

205 3002 495 3071 quendam
542 3002 760 3074 virum,
795 3002 1155 3063 carminibus
1189 3003 1421 3062 Graecis
1461 3002 1839 3062 vaticinatum
1876 3002 2111 3061 ferunt:

213 3110 336 3167 quae
361 3097 422 3156 in
456 3120 669 3159 rerum
705 3111 919 3157 natura
953 3111 1192 3177 totoque
1221 3098 1448 3157 mundo
1476 3111 1830 3168 constarent,
1859 3116 2114 3176 quaeque

210 3205 614 3265 moverentur,
651 3215 726 3253 ea
781 3195 1128 3253 contrahere
1185 3194 1526 3263 amicitiam,
1563 3193 1851 3273 dissipare
1896 3194 2114 3251 discor-

217 3280 380 3345 diam.
457 3284 672 3367 Atque
697 3290 810 3347 hoc
837 3288 1082 3365 quidem
1114 3288 1321 3348 omnes
1354 3290 1630 3347 mortales
1664 3302 1725 3347 et
1758 3286 2114 3362 intelligunt,

216 3390 272 3435 et
294 3400 358 3440 re
383 3388 662 3463 probant.
744 3382 975 3461 Itaque,
995 3384 1045 3441 si
1066 3384 1308 3462 quando
1336 3381 1574 3459 aliquod
1602 3383 1863 3440 officium
1891 3378 2117 3435 exstitit

222 3476 382 3536 amici
407 3482 472 3539 in
500 3478 788 3559 periculis
828 3491 929 3537 aut
965 3478 1275 3548 adeundis,
1306 3490 1409 3536 aut
1435 3470 1957 3537 communicandis,
1988 3470 2117 3545 quis

219 3583 316 3639 θδῐ,
341 3578 440 3653 qui
469 3576 538 3633 id
567 3592 689 3631 non
727 3572 998 3631 maximis
1037 3574 1240 3632 efferat
1267 3568 1589 3629 laudibus?
1672 3567 1800 3638 Qui
1828 3566 2118 3623 clamores

225 3674 338 3726 tota
361 3690 546 3731 cavea
573 3688 765 3745 nuper
788 3669 849 3726 in
875 3668 1123 3745 hospitis
1151 3680 1214 3725 et
1241 3663 1418 3724 amici
1444 3659 1568 3717 mei
1591 3661 1675 3720 M.
1693 3657 1946 3717 Pacuvii
1967 3677 2121 3718 nova

225 3757 437 3828 fabula!
493 3782 660 3831 cum,
687 3762 996 3841 ignorante
1041 3782 1203 3839 rege,
1231 3770 1368 3817 uter
1414 3772 1619 3815 eorum
1667 3764 1825 3815 esset
1856 3752 2119 3837 Orestes,
