2492 4392
313 347 356 404 4
771 357 840 402 n.
873 361 932 400 r.
967 361 1295 402 cicaaoms
1332 361 1497 402 cAro
1532 360 1763 412 asson,

313 513 428 552 nec
461 492 764 550 inhumani
796 511 994 562 senes,
1021 493 1398 550 tolerabilem
1440 505 1627 570 agunt
1666 505 2079 553 senectutem:
2120 494 2229 554 im-

311 588 641 667 portunitas
676 601 876 646 autem
905 602 968 646 et
994 589 1397 646 inhumanitas
1424 588 1586 645 omni
1612 589 1773 646 oetati
1800 591 2055 648 molesta
2080 603 2187 648 est.

391 688 446 740 8.
480 684 748 742 LAELmS.
781 685 915 752 Est,
935 697 1002 741 ut
1021 677 1188 752 dicis,
1209 684 1395 753 Cat03
1432 683 1541 742 sed
1558 683 1807 742 fortasse
1828 685 2049 743 dixerit
2070 687 2227 764 quis·

311 777 494 856 piam,
529 779 637 836 tibi
681 793 924 857 propter
969 800 1136 857 opes,
1171 791 1232 837 et
1276 779 1499 857 copias,
1542 791 1605 836 et
1647 778 1999 857 dignitatem
2042 793 2227 851 tuam,

309 865 800 932 tolerabiliorem·
819 885 1192 938 senectutem
1239 874 1431 932 videri
1448 898 1465 933 z
1522 873 1585 932 id
1632 888 1831 933 autem
1876 896 1997 934 non
2044 896 2227 956 posse

311 971 506 1028 multis
533 963 899 1048 contingere.

393 1066 587 1124 Ouo.
631 1067 744 1124 Est
770 1067 1207 1144 istuc‘quidem,
1229 1066 1401 1136 Laeli,
1424 1065 1683 1144 aliquid3
1726 1066 1831 1124 sed
1853 1087 2229 1144 nequaquam

309 1162 372 1218 in
406 1161 519 1219 isto
558 1162 774 1220 omnia.·
854 1163 943 1220 Ut
979 1163 1413 1220 Themistocles
1446 1162 1635 1219 fertur
1666 1161 1947 1240 Seriphio
1987 1163 2229 1222 cuidam

309 1257 371 1314 in
396 1257 600 1336 jurgio
626 1258 1025 1336 respondisse,
1050 1279 1187 1320 cnm
1215 1259 1319 1316 ille
1348 1245 1621 1325 dixisset,
1650 1278 1771 1314 non
1800 1277 1937 1315 eum
1964 1249 2095 1329 sua,
2118 1258 2227 1318 sed

310 1354 518 1432 patriae
549 1341 1156 1432 gloria'splendorem
1185 1363 1521 1411 assecutum
1542 1377 1559 1412 z
1602 1354 1721 1412 Nec
1746 1355 1989 1428 hercule,
2014 1355 2225 1432 inquit,

309 1451 362 1506 εἰ
389 1470 492 1525 ego
525 1451 830 1525 Seriphius
864 1467 1054 1520 essm,
1081 1450 1291 1506 nobilis
1306 1473 1334 1516 ;
1377 1469 1477 1507 nec
1502 1461 1565 1506 tu
1590 1451 1645 1508 si
1670 1451 2033 1508 Atheniensis
2066 1471 2223 1520 esses,

309 1545 502 1602 clarus
535 1566 787 1621 unquam
807 1547 1048 1622 fuisses.
1131 1544 1319 1616 Quod
1348 1545 1565 1602 eodem
1591 1545 1775 1606 modo
1802 1545 1879 1603 de
1912 1559 2223 1604 senectute

311 1639 428 1696 dici
455 1653 672 1717 potest.
754 1641 892 1698 Nec
919 1639 1078 1698 enim
1105 1639 1166 1697 in
1193 1661 1429 1698 summa
1455 1640 1657 1718 inopia
1681 1641 1829 1699 levis
1858 1661 1991 1698 esse
2020 1661 2224 1700 senec-

309 1747 404 1792 tus
446 1749 657 1812 potest,
692 1755 770 1792 ne
813 1735 1069 1813 sapienti
1107 1735 1388 1812 quidem:
1444 1756 1558 1793 nec
1598 1735 1899 1814 insipienti
1940 1736 2123 1794 etiam
2160 1736 2222 1794 in

311 1852 544 1890 summa
591 1832 767 1911 copia
813 1852 927 1889 non
983 1830 1194 1909 gravis.
1304 1838 1361 1890 9.
1404 1832 1733 1910 Aptissima
1778 1831 2019 1890 omnino
2064 1847 2219 1902 sunt,

309 1927 517 2006 Scipio
551 1942 613 1987 et
647 1928 819 1998 Laeli,
856 1949 1022 1986 arma
1059 1928 1402 1997 senectutis,
1440 1942 1610 1998 artes,
1646 1928 2220 2006 exercitationesque

307 2025 588 2082 virtutum
609 2049 624 2096 3
669 2047 802 2104 quae
827 2026 887 2082 in
925 2025 1088 2083 omni
1117 2038 1297 2084 aetate
1326 2026 1522 2094 cultae,
1549 2046 1688 2082 cum
1716 2024 1820 2082 diu
1848 2025 2218 2102 multumque

307 2119 547 2190 vixeris,
583 2123 864 2180 mirificos
911 2123 1166 2181 efferunt
1204 2120 1452 2189 fructuS,
1490 2142 1607 2180 non
1656 2121 1850 2180 solum
1888 2120 2028 2196 quia
2072 2141 2216 2178 nun-

307 2237 490 2294 quam
509 2219 809 2287 deserunt,
827 2241 906 2276 ne
927 2234 1202 2276 extremo
1219 2219 1463 2295 quidem
1484 2232 1757 2297 tempore
1778 2219 1963 2276 aetatis
1986 2219 2089 2296 (qu
2098 2239 2215 2276 am-

307 2332 490 2388 quam
530 2313 592 2369 id
635 2314 964 2371 maximum
1009 2315 1143 2388 est),
1185 2333 1405 2370 verum‘
1443 2314 1623 2370 etiam
1672 2315 1815 2389 quia
1860 2314 2219 2374 conscientia

307 2405 460 2462 bene
509 2421 655 2464 actae
697 2407 852 2474 vitae,
890 2410 1333 2484 multorumque
1371 2407 1813 2467 benefactorum
1860 2410 2215 2482 recordatiO,

305 2499 742 2576 jucundissima
769 2514 876 2559 est.

387 2689 497 2749 1V.
538 2695 629 2748 10.
661 2690 800 2768 Ego
825 2691 1499 2763 Q.Maximum——eum,
1516 2693 1618 2771 qui
1638 2694 1965 2754 Tarentum
1986 2698 2217 2776 recepit

301 2787 735 2846 —adolescens
768 2787 852 2844 ita
884 2787 1068 2846 dilexi
1107 2809 1335 2860 senem,
1366 2803 1431 2848 ut
1470 2793 1781 2866 aequalem.
1860 2792 2013 2850 Erat
2054 2795 2215 2852 enim

301 2883 363 2940 in
393 2883 496 2938 illo
523 2883 650 2941 viro
681 2883 958 2942 comitate
987 2885 1228 2944 condita
1262 2885 1539 2963 gravitas,
1566 2907 1680 2944 nec
1712 2902 1991 2948 senectus
2019 2911 2215 2948 mores

301 2991 666 3036 mutaverat:
709 2999 1066 3057 quamquam
1107 3001 1245 3038 eum
1288 2982 1485 3038 colere
1526 2983 1687 3060 coepi
1726 3003 1846 3041 non
1891 2985 2212 3045 admodum

301 3073 588 3150 grandem
629 3088 788 3144 natu,
824 3074 933 3132 sed
967 3088 1164 3133 tamen
1195 3077 1325 3152 jam
1367 3089 1545 3134 aetate
1587 3092 1954 3156 provectum.
2035 3083 2213 3140 Anno

299 3170 460 3226 enim
494 3183 632 3247 post
672 3172 876 3228 consul
909 3171 1162 3248 primum
1196 3170 1412 3241 fuerat,
1448 3193 1627 3248 quam
1668 3193 1784 3250 ego
1825 3188 2000 3232 natus
2040 3197 2207 3249 sum3

283 3285 554 3342 cumque
585 3285 658 3322 eo
685 3279 960 3341 quartum
991 3265 1236 3322 consule
1272 3266 1751 3326 adolescentulus
1779 3257 1953 3326 miles
1988 3271 2061 3328 ad
2096 3272 2209 3330 Ca·

297 3381 476 3438 puam
511 3342 818 3438 profectus⁸
850 3381 998 3428 sum,
1029 3360 1356 3438 quintoque
1400 3381 1553 3418 anno
1586 3375 1717 3440 post
1751 3363 1827 3420 ad
1860 3363 2205 3426 Tarentum.

287 3459 569 3526 Quaestor
619 3457 838 3518 deinde
893 3454 1285 3533 quadriennio
1313 3469 1445 3534 post
1470 3457 1658 3515 factus
1694 3479 1843 3527 sum,
1872 3481 2051 3536 quem
2086 3483 2207 3522 ma-

296 3553 606 3630 gistratum
651 3553 830 3632 gessi,
871 3555 1212 3612 consulibus
1260 3554 1557 3614 Tuditano
1604 3570 1666 3616 et
1710 3558 2016 3637 Cethego;
2067 3582 2207 3620 cum

293 3648 537 3723 quidem
565 3649 666 3707 ille
697 3649 1016 3707 admodum
1045 3669 1253 3722 senex,
1278 3671 1487 3710 suasor
1506 3653 1660 3732 legis
1683 3654 1910 3713 Cinciae
1934 3655 2009 3714 de
2031 3656 2205 3716 donis

295 3752 358 3799 et
387 3743 735 3802 muneribus
765 3743 895 3802 fiait.
975 3745 1099 3803 Hic
1139 3759 1202 3804 et
1232 3747 1395 3808 bella
1431 3749 1699 3827 gerebat,
1726 3763 1795 3810 ut
1829 3750 2201 3824 adolescens,
