2492 4392
417 804 525 893 M.
582 806 1009 896 TULLII
1099 810 1756 902 olcnuoms

248 1034 987 1125 SOMNIUM
1084 1024 1972 1131 salmonae·

798 1343 1004 1403 Sen’m
1047 1344 1392 1411 Loom‘run.
1669 1198 1884 1393 f

197 1453 253 1511 Ι.
298 1452 460 1536 Cmu
498 1454 559 1513 in
594 1454 861 1517 Africam
900 1457 1213 1529 venissem,
1261 1458 1366 1519 Μ’.
1387 1460 1636 1523 Manilio
1661 1398 1912 1523 {consuli
1955 1464 2034 1525 ed

92 1561 401 1625 -quartam
430 1550 735 1627 legionem
764 1551 1035 1612 tribunus
1066 1554 1157 1631 (ut
1182 1554 1362 1632 scitis)
1391 1556 1681 1629 militum;
1714 1559 1862 1619 nihil
1887 1560 2034 1619 mihi

116 1644 329 1721 potius
366 1644 501 1715 fuit,
540 1665 719 1723 quam
758 1658 825 1705 ut
862 1645 1239 1709 Masinissam
1281 1653 1675 1723 convenirem,
1711 1674 1916 1732 regem
1950 1654 2033 1713 fs·

118 1738 307 1797 milies
337 1753 561 1801 nostrae
580 1740 757 1818 justis
784 1740 1081 1804 decausis
1116 1744 1550 1809 amicissimum.
1630 1748 1733 1807 Ad
1761 1767 1942 1825 quem
1968 1758 2034 1809 ut

119 1835 277 1906 veni,
334 1837 691 1914 complexus
739 1856 841 1895 me
894 1857 1081 1899 senex
1134 1841 1572 1911 collacrimavit,
1615 1841 2036 1918 aliquantoque

21 1986 25 1999 ,
119 1943 259 2007 post
290 1930 569 2009 suspexit
590 1930 651 1991 in
679 1933 928 1991 coelumz
964 1946 1264 2011 etz-grates,
1286 1936 1498 2013 inquit,
1515 1936 1622 1997 tibi
1650 1956 1781 2012 age,
1803 1952 2035 1995 summe

120 2022 249 2094 Sol,
278 2026 578 2103 vobisque
604 2026 816 2103 reliqui
846 2027 1089 2097 coelites‚
1114 2028 1272 2105 quod
1302 2040 1438 2090 ente
1469 2048 1650 2105 quam
1679 2048 1757 2087 ex
1783 2028 1894 2087 hac
1916 2028 2034 2089 vita

121 2120 343 2198 migro,
374 2120 676 2200 conspicio.
702 2121 762 2179 in
789 2142 923 2191 meo
950 2142 1157 2201 regno,
1186 2134 1247 2179 et
1271 2122 1364 2184 his
1391 2122 1562 2183 tectis
1593 2110 1663 2181 P.
1683 2122 2033 2185 Cornelium

21 2248 23 2251 >
121 2212 505 2294 Scipionem,
536 2218 705 2295 cujus
734 2237 847 2295 ego
872 2217 1115 2278 nomine
1144 2215 1276 2294 ipso
1304 2236 1580 2279 recreor:
1621 2217 1706 2277 ite
1731 2237 2032 2294 nunquam
2081 2256 2090 2267 -

122 2407 439 2467 memoria.
522 2405 759 2468 Deinde
800 2426 913 2485 ego
944 2405 1111 2465 illum
1144 2405 1221 2465 de
1263 2426 1373 2465 suo
1413 2426 1631 2485 regum⁴
1673 2407 1778 2473 ille
1819 2427 1916 2477 me
1951 2408 2031 2470 de

124 2516 335 2560 nostra
366 2502 673 2581 republica
706 2513 1077 2580 percontatus
1111 2514 1239 2561 estx
1295 2501 1611 2579 multisque
1645 2502 1842 2573 verbis
1874 2505 2026 2566 ultro

126 2596 400 2675 citroque
428 2596 659 2667 habitis,
690 2597 789 2657 ille
822 2596 993 2661 nobis
1026 2608 1367 2655 consumtus
1401 2609 1492 2655 est
1520 2597 1662 2661 dies.
1744 2599 1890 2661 Post
1927 2621 2028 2661 au-

125 2704 251 2751 tem
279 2692 453 2770 regio
482 2704 769 2771 apparatu
800 2691 1045 2769 accepti,
1068 2710 1402 2751 sermonem
1429 2690 1486 2749 in
1515 2696 1764 2753 multem
1790 2708 2028 2757 noctem

21 2804 25 2817 ³
125 2787 537 2867 produximus,
562 2808 699 2848 cum
728 2806 915 2847 senex
941 2786 1087 2849 nihil
1112 2786 1229 2845 nisi
1255 2785 1332 2845 de
1359 2771 1652 2853 Africano
1671 2788 2026 2865 loqueretur,

126 2884 447 2960 omniaque
475 2883 601 2961 ejus
634 2902 747 2941 non
776 2881 931 2941 facta
962 2883 1173 2951 solum,
1200 2880 1309 2941 sed
1339 2882 1518 2941 etiem
1545 2881 1702 2941 dicta
1725 2885 2025 2945 meminis-

126 2992 236 3039 set.
320 2977 575 3049 Deinde,
598 2989 665 3036 ut
692 2977 954 3037 cubitum
981 2976 1378 3045 discessimus,
1401 2996 1496 3035 me
1525 2988 1584 3035 et
1603 2975 1680 3033 de
1703 2976 1816 3045 via,
1837 2991 1898 3037 et
1925 2980 2026 3056 qui

128 3074 207 3133 ad
228 3074 478 3133 multam
505 3085 739 3133 noctem
765 3070 1125 3149 vigilassem,
1148 3070 1377 3141 arctior,
1401 3090 1576 3147 quam
1603 3070 1848 3141 solebat,
1871 3092 2023 3131 som-

126 3188 239 3227 nus
284 3169 635 3247 complexus
676 3178 783 3226 est.
864 3166 986 3226 Hic
1024 3166 1170 3223 mihi
1212 3166 1416 3243 (credo
1457 3164 1740 3243 equidem
1783 3184 1860 3223 ex
1895 3168 2022 3238 hoc,
2119 3157 2140 3175 ⁸

129 3262 290 3341 quod
318 3282 555 3327 eramus
581 3262 797 3321 locuti:
839 3261 903 3318 fit
936 3263 1094 3320 enim
1121 3262 1268 3330 fere,
1298 3274 1364 3319 ut
1390 3259 1772 3340 cogitationes
1805 3280 2022 3318 sermo-

126 3378 359 3437 nesque
384 3356 567 3415 nostri
597 3356 829 3437 pariant
859 3357 1076 3433 aliquid
1105 3356 1169 3415 in
1196 3376 1404 3415 somno
1432 3358 1565 3425 tale,
1596 3357 1772 3435 quale
1802 3355 1878 3415 de
1895 3356 2023 3415 Ho-

127 3473 297 3515 mero
338 3452 543 3512 scribit
565 3450 813 3523 Ennius,
840 3451 915 3513 de
950 3471 1067 3529 quo
1100 3450 1382 3509 videlicet
1419 3451 1743 3531 saepissime
1777 3451 2024 3529 vigilans

130 3549 356 3609 solebat
386 3547 669 3626 cogitare,
702 3558 763 3603 et
788 3546 977 3623 loqui)
1002 3544 1315 3603 Africanus
1343 3564 1413 3602 se
1437 3544 1693 3603 ostendit
1719 3564 1792 3605 ee
1811 3545 2024 3619 foma,

132 3665 262 3723 quoe
310 3642 459 3703 mihi
504 3660 583 3701 ex
626 3640 884 3719 imagine
932 3640 1081 3717 ejus,
1118 3656 1296 3713 quam
1341 3657 1418 3695 ex
1460 3638 1610 3717 ipsc,
1645 3652 1772 3699 erat
1816 3640 2024 3701 notior.
2097 3676 2105 3681 -

134 3740 335 3815 Quem
368 3751 436 3801 ut
470 3734 705 3815 agnovi,
734 3734 1009 3815 equidem
1046 3730 1338 3793 cohorrui.
1417 3730 1540 3793 Sed
1575 3732 1692 3805 ille,
1720 3732 2022 3807 Adarin-
