2492 4392
2449 0 2452 66 ¹

490 389 571 448 94
904 427 913 430 -
986 419 999 432 x
1188 399 1257 442 n.
1291 399 1352 460 T.-
1385 394 1710 440 cxcsaoms

490 493 637 616 quit,
656 535 873 604 animo,
893 544 955 592 et
970 533 1178 592 omitte
1198 531 1494 600 timorem,
1513 528 1738 610 Scipio,
1757 541 1820 586 et
1838 544 1972 606 quae
1993 526 2220 599 dicam,
2243 526 2418 587 trade
2449 519 2451 530 ‘

490 629 813 690 memoriae.

566 820 653 878 ΙΙ.
694 819 967 879 Videsne
994 820 1160 879 illam
1188 819 1420 890 urbem,
1447 834 1600 896 quae,
1630 834 1846 896 parere
1873 817 2102 895 populo
2131 816 2412 874 Romano

488 928 697 976 coacta
713 935 828 996 per
846 936 963 985 me,
980 929 1225 975 renovat
1240 914 1489 994 pristina
1503 914 1682 982 bella,
1699 933 1812 972 nec
1832 924 2037 990 potest
2053 911 2412 988 quiescere?

491 1011 873 1088 (mandabat
900 1023 1097 1069 autem
1120 1009 1550 1088 Carthaginem
1575 1007 1652 1066 de
1679 1009 1939 1078 excelsu,
1969 1019 2030 1066 et
2056 1008 2248 1086 pleno
2279 1009 2409 1064 stel-

488 1107 700 1176 larum,
729 1105 943 1164 illustri
976 1118 1039 1164 et
1070 1107 1233 1165 claro
1267 1105 1526 1182 quodam
1555 1103 1717 1180 loco)
1755 1103 1830 1161 ad
1861 1123 2040 1180 quam
2073 1115 2140 1160 tu
2173 1123 2408 1181 oppug-

488 1201 747 1260 nandam
774 1222 931 1260 nunc
952 1201 1119 1260 venis
1139 1221 1338 1279 paene
1353 1200 1566 1259 miles‘l
1585 1200 1764 1258 Hanc
1784 1199 1899 1257 hoc
1925 1199 2172 1257 biennio
2199 1199 2408 1270 consul

490 1311 743 1368 evertes,
772 1298 1007 1374 eritque
1054 1315 1389 1374 cognomen
1434 1294 1499 1351 id
1541 1295 1652 1354 tibi
1695 1315 1806 1373 per
1853 1306 1914 1352 te
1954 1307 2213 1372 partum,
2245 1292 2408 1370 quod

489 1387 672 1452 habes
707 1393 901 1451 adhuc
936 1412 973 1450 a
1003 1392 1173 1451 nobis
1205 1390 1650 1449 hereditarium.
1731 1391 1888 1449 Cum
1925 1402 2125 1447 autem
2153 1388 2401 1447 Cartha-

491 1486 693 1567 'ginem
734 1487 1049 1556 deleveris,
1082 1487 1468 1570 triumphum·
1495 1487 1709 1564 egeris,
1739 1505 2066 1562 censorque
2097 1484 2312 1552 fueris,
2347 1497 2404 1541 et

488 1582 708 1643 obieris
734 1585 965 1661 legatus
988 1581 1342 1660 AEgyptum,
1373 1582 1630 1659 Syriam,
1653 1581 1878 1650 Asiam,
1907 1581 2234 1650 Graeciam,
2259 1579 2402 1638 deli-

438 1669 448 1676 *
490 1699 635 1758 gere
656 1679 878 1737 iterum
906 1665 1119 1736 absens
1138 1679 1368 1748 consul,
1387 1679 1732 1754 bellumque
1754 1677 2082 1736 maximum
2105 1675 2402 1745 conficies,

490 1773 879 1832 Numantiam
896 1771 1233 1832 exscindes.
1289 1773 1414 1832 Sed
1461 1793 1597 1831 cum
1645 1773 1764 1830 eris
1811 1793 1988 1832 curru
2037 1772 2402 1850 Capitolium

488 1868 773 1939 invectus,
801 1867 1063 1928 offendes
1094 1867 1530 1948 rempublicam
1564 1869 1974 1946 perturbatam
2003 1867 2272 1926 consiliis
2305 1887 2402 1924 ne-

486 1964 643 2045 potis
688 1965 823 2023 mei.
905 1963 1028 2023 Hic
1070 1978 1156 2034 tu,
1191 1964 1496 2034 Afficme,
1533 1962 1810 2022 ostendas
1853 1961 2149 2043 oportebit
2194 1963 2400 2041 patriae

484 2062 691 2120 lumen
721 2061 926 2130 animi,
954 2060 1201 2139 ingenii,
1231 2059 1582 2137 consiliique
1607 2059 1714 2117 tui.
1795 2058 1919 2117 Sed
1947 2059 2076 2137 ejus
2109 2058 2402 2138 temporis

488 2157 811 2236 ancipitem
832 2155 1007 2215 video
1034 2156 1203 2233 quasi
1226 2155 1486 2214 fatorum
1507 2156 1682 2214 viam.
1765 2155 1931 2213 Nam
1959 2175 2100 2214 cum
2125 2168 2277 2214 aetas
2305 2169 2402 2212 tua
2449 2145 2451 2152 ¹

486 2265 775 2331 septenos
794 2251 979 2310 octies
998 2251 1145 2310 solis
1168 2249 1464 2309 anfi-aetus
1485 2250 1838 2328 reditusque
1861 2250 2237 2319 converterit,
2257 2249 2398 2308 duo-

484 2367 601 2424 que
644 2347 708 2407 hi
746 2347 999 2417 numeri,
1028 2365 1286 2424 quorum
1328 2358 1582 2424 uterque
1624 2347 1862 2425 plenus,
1897 2347 2046 2404 alter
2089 2348 2286 2405 altera
2327 2346 2400 2404 de

486 2445 691 2510 causa,
728 2441 1001 2512 habetur,
1046 2441 1297 2520 circuitu
1349 2441 1608 2500 naturali
1663 2461 1958 2510 summam
2005 2441 2115 2500 tibi
2157 2441 2401 2501 fatalem

486 2533 885 2606 confecerint3
932 2537 995 2594 in
1024 2550 1088 2596 te
1122 2557 1328 2607 unum,
1365 2549 1544 2614 atque
1578 2537 1640 2594 in
1681 2549 1852 2595 tuum
1893 2557 2133 2608 nomen,
2167 2557 2236 2597 se
2281 2551 2400 2596 tota

485 2642 788 2688 convertet
829 2630 1071 2692 civitas:
1126 2647 1189 2692 te
1230 2645 1488 2703 senatus,
1517 2645 1578 2691 te
1613 2651 1820 2690 omnes
1854 2633 2016 2704 boni,
2045 2645 2108 2692 te
2141 2634 2312 2704 socii,
2341 2645 2398 2690 te
2449 2653 2451 2656 ⁴

488 2724 689 2785 Latini
720 2725 1146 2788 intuebunturz
1190 2742 1257 2787 tu
1297 2729 1414 2788 eris
1447 2749 1619 2799 unus,
1647 2728 1710 2786 in
1745 2749 1862 2805 quo
1888 2729 2115 2787 nitatur
2147 2729 2397 2788 civitatis

486 2820 643 2880 salus
662 2845 677 2893 ;
716 2840 803 2893 ac,
824 2843 903 2880 ne
926 2826 1134 2895 multa,
1157 2824 1413 2883 dictator
1432 2824 1864 2903 rempublicam
1885 2825 2212 2884 constituas
2233 2845 2396 2904 opor·

484 2928 588 2987 tet,
616 2917 667 2976 si
694 2918 905 2999 impias
945 2920 1422 2999 propinquorum
1461 2939 1670 2978 manus
1709 2919 2010 2998 effugeris.
2091 2919 2220 2978 Hic
2266 2941 2395 2979 cum

484 3013 875 3074 exclamasset
900 3016 1139 3086 Laelius,
1161 3015 1715 3094 ingemuissentque
1737 3015 1924 3080 ceteri
1945 3016 2363 3076 vehementius
2374 3039 2392 3087 3

484 3110 699 3168 leniter
726 3111 989 3170 arridens
1018 3111 1240 3190 Scipio,
1265 3111 1510 3183 Quaeso,
1531 3111 1739 3187 inquit,
1759 3131 1838 3170 ne
1865 3131 1964 3172 me
1994 3131 2030 3169 e
2061 3130 2276 3170 somno
2299 3131 2392 3171 ex·

486 3206 681 3264 citetis
708 3227 723 3267 2
752 3227 873 3285 pax
898 3225 1222 3286 parumper
1246 3230 1263 3281 3
1313 3207 1516 3266 audite
1545 3221 1760 3266 cetera.

563 3400 682 3458 111.
726 3397 851 3457 Sed
878 3419 999 3476 quo
1035 3398 1136 3469 sie,
1165 3398 1474 3472 Africane,
1503 3402 1764 3462 alacrior
1797 3401 1876 3460 ad
1903 3401 2222 3460 tutandum
2249 3423 2391 3462 rem·

482 3496 807 3574 publicam,
826 3494 915 3553 sic
938 3495 1193 3554 habeto:
1228 3495 1544 3568 Omnibus,
1569 3497 1672 3574 qui
1693 3497 1948 3576 patriam
1971 3499 2390 3567 conservarint,

485 3590 837 3669 adJuverint,
856 3589 1152 3662 auxerint,
1176 3604 1406 3650 certum
1428 3613 1560 3651 esse
1581 3592 1641 3650 in
1671 3595 1822 3652 coelo
1844 3592 2154 3650 definitum
2174 3595 2394 3664 locum,

483 3685 588 3743 ubi
634 3686 797 3744 beati
838 3706 970 3745 aevo
1010 3686 1380 3766 sempiterno
1418 3688 1724 3747 fruantur:
1779 3688 1929 3746 nihil
1969 3671 2082 3746 estx
2100 3689 2265 3748 enim
2312 3688 2394 3747 illi

482 3778 735 3856 principi
764 3779 925 3850 Deo,
956 3782 1057 3858 qui
1086 3801 1324 3842 omnem
1357 3784 1516 3844 hunc
1551 3783 1844 3842 mundum
1876 3783 2052 3862 regit,
2081 3785 2246 3862 quod
2276 3785 2389 3862 qui·
