2492 4392
357 350 439 415 ,82
1042 358 1109 401 u.
1143 358 1203 400 τ.
1234 326 1562 401 monoms

358 516 489 556 ses:
542 507 668 552 tum
704 511 821 570 ego
855 489 1157 570 accepisse
1202 510 1302 549 me
1335 488 1648 549 confiterer
1681 487 1978 567 injuriam.
2061 492 2194 551 Sed
2231 495 2286 552 si

358 591 485 649 haec
515 608 629 647 nec
654 586 863 656 fecisti,
892 604 1003 645 nec
1030 586 1227 645 facere
1257 584 1542 664 potuisti:
1585 583 1844 642 reditu‘m
1881 584 2024 643 mihi
2053 588 2284 664 glorio-

358 704 491 745 sum
510 682 727 762 injuria
744 694 846 739 tua
867 679 1049 749 dedit,
1065 700 1185 739 non
1206 680 1434 739 exitum
1455 678 1878 738 calamitosum.
1959 680 2130 759 Ergo
2153 703 2282 761 ego

360 800 599 859 semper
624 779 803 849 civis;
840 792 903 837 et
930 790 1057 837 tum
1082 776 1364 847 maxime,
1385 794 1574 855 quum
1593 796 1789 833 meam
1815 777 2072 835 salutem
2099 798 2278 837 sena·

328 940 341 951 ‚
360 891 459 937 tus
488 875 708 935 exteris
739 874 1099 943 nationibus,
1126 884 1194 931 ut
1228 872 1372 931 civis
1405 870 1628 950 optimi,
1657 870 2145 943 commendabat3
2192 886 2280 944 tu,

360 992 437 1031 ne
460 990 617 1031 nunc
636 969 911 1049 quideme
944 967 1059 1027 nisi
1084 968 1237 1027 forte
1261 966 1422 1025 idem
1445 986 1578 1025 esse
1598 965 1781 1025 hostis
1807 978 1870 1024 et
1896 965 2038 1025 civis
2058 980 2280 1045 potest.

360 1069 465 1127 An
488 1080 555 1125 tu
582 1066 775 1125 civem
806 1065 881 1125 ab
902 1065 1069 1124 hoste
1095 1076 1310 1123 natura
1337 1082 1408 1121 ac
1434 1062 1586 1132 locu,
1606 1081 1726 1119 non
1753 1061 1952 1122 animo
1979 1062 2280 1141 factisque

362 1160 675 1240 distinguis
694 1160 719 1218 ‘l

440 1353 527 1413 ΙΙ.
562 1356 657 1411 30.
686 1349 931 1410 caedem
954 1350 1014 1407 in
1036 1348 1165 1407 foro
1186 1347 1403 1407 fecisti:
1439 1348 1678 1407 armatis
1699 1347 2026 1407 latronibus
2045 1351 2282 1428 templa

361 1447 635 1509 tenuisti:
672 1446 1035 1525 privatorum
1064 1443 1292 1512 domos,
1313 1442 1476 1502 aedes
1501 1462 1700 1501 sacrus
1728 1442 2060 1503 incendisti.
2143 1434 2280 1503 Gur

328 1521 543 1602 'hostis
570 1543 913 1620 Spartacus,
942 1540 995 1598 si
1022 1552 1089 1597 tu
1116 1538 1306 1597 civis‘l
1388 1536 1572 1596 Potes
1607 1550 1806 1595 autem
1840 1550 1906 1596 tu
1939 1558 2075 1597 esse
2109 1538 2278 1609 civis,

362 1650 613 1717 propter
627 1656 807 1713 quem
824 1634 1141 1713 aliquando
1158 1633 1366 1692 civitas
1386 1653 1503 1691 non
1519 1631 1666 1691 fuit‘t
1701 1644 1764 1691 et
1783 1652 1880 1691 me
1903 1645 2008 1692 tuo
2027 1633 2283 1693 nomine

362 1734 649 1811 appellas,
683 1750 867 1809 quum
909 1748 1114 1789 omnes
1154 1748 1292 1787 meo
1333 1727 1597 1787 discessu
1639 1729 1948 1790 exsulasse
1987 1728 2276 1807 rempub-

362 1827 541 1886 licam
580 1825 830 1905 putenti
923 1814 1350 1901 Nunquamne,
1382 1824 1562 1881 homo
1603 1823 2025 1894 amentissime,
2061 1837 2122 1883 te
2163 1825 2280 1883 cir·

362 1920 761 2000 cumspicies‘l
806 1938 1129 1995 nunquam,
1156 1938 1270 1979 nec
1303 1918 1448 1996 quid
1474 1918 1678 1988 facias,
1706 1916 2128 1989 considerabis,
2157 1940 2278 1980 nec

362 2015 508 2093 quid
533 2015 821 2093 loqusre‘l
904 2013 1135 2085 Nescis,
1166 2013 1448 2073 exsilium
1487 2014 1778 2073 scelerum
1821 2032 1954 2073 esse
1989 2016 2278 2093 poensm‘i

364 2130 569 2171 meum
602 2110 749 2169 illud
780 2110 896 2168 iter
928 2109 1005 2167 ob
1040 2107 1526 2188 praeclarissimas
1565 2128 1666 2167 res
1699 2128 1734 2167 a
1767 2128 1864 2168 me
1905 2121 2102 2187 gestas
2141 2130 2280 2169 esse

362 2205 751 2285 susceptum?
832 2210 934 2263 31.
960 2202 1185 2263 Omnes
1214 2202 1488 2263 scelerati
1517 2216 1695 2280 atque
1718 2202 1906 2281 impii,
1927 2220 2180 2280 quorum
2206 2218 2280 2265 tu

362 2314 425 2359 te
458 2302 676 2359 ducem
710 2321 841 2359 esse
874 2300 1190 2378 profiteris,
1218 2319 1369 2377 quos
1403 2300 1570 2377 leges
1610 2298 1822 2360 exsilio
1863 2298 2014 2356 affici
2051 2301 2278 2371 volunt,

364 2398 605 2455 exsules
648 2408 807 2466 sunt,
842 2395 1023 2454 etiam
1070 2394 1123 2453 si
1166 2395 1355 2453 solum
1400 2414 1517 2451 non
1560 2393 1861 2453 mutarint.
1951 2394 2048 2452 An
2093 2415 2280 2473 quum

364 2508 573 2549 omnes
608 2489 775 2565 leges
808 2502 866 2545 te
898 2492 1165 2549 exsulem
1201 2510 1334 2549 esse
1357 2490 1632 2568 jubeant,
1659 2510 1780 2549 non
1813 2490 1932 2549 eris
1964 2503 2027 2549 tu
2055 2493 2278 2551 exsul?

366 2583 532 2643 Exul
560 2602 677 2639 non
714 2583 1048 2659 appelletur
1074 2583 1143 2652 is,
1172 2584 1276 2661 qui
1303 2605 1442 2643 cum
1469 2584 1590 2643 telo
1617 2583 1837 2644 fueriti
1919 2587 2082 2645 Ante
2109 2606 2280 2646 sena-

364 2690 493 2735 tum
533 2690 637 2735 tua
675 2675 1204 2755 sicadeprehensa
1244 2690 1351 2737 est.
1442 2678 1568 2750 Qui
1600 2679 1906 2739 hominem
1944 2679 2278 2743 occiderit?

369 2772 465 2830 Tu
510 2772 797 2851 plurimos
838 2772 1117 2832 occidisti.
1198 2773 1330 2844 Qui
1361 2773 1708 2833 incendium
1749 2774 1999 2835 fecerit?
2081 2777 2278 2837 AEdes

366 2867 785 2947 Nympharum
832 2887 1013 2926 manu
1055 2880 1159 2926 tua
1193 2868 1557 2947 deflagravit.
1657 2870 1786 2941 Qui
1826 2872 2052 2949 templa
2099 2893 2277 2932 occu-

362 2963 643 3042 paverit?
748 2964 821 3023 In
868 2964 1005 3023 foro
1046 2977 1237 3023 castra
1280 2964 1549 3041 posuisti.
1651 2970 1747 3023 32.
1795 2966 1920 3025 Sed
1965 2967 2113 3043 quid
2161 2989 2276 3047 ego

336 3056 341 3061 ’
366 3079 703 3118 communes
724 3060 893 3137 leges
915 3057 1175 3137 profem,
1193 3058 1408 3136 quibus
1431 3058 1703 3118 omnibus
1725 3079 1790 3119 es
1811 3062 2014 3121 exsuli
2077 3061 2276 3121 Fami-

364 3154 707 3213 liarissimus
740 3168 877 3213 tuus
904 3154 981 3213 de
1014 3166 1075 3212 te
1108 3154 1488 3233 privilegium
1517 3154 1672 3224 tulit,
1701 3168 1787 3226 ut,
1821 3156 1872 3213 si
1900 3156 1961 3213 in
1995 3170 2276 3235 opertum

365 3247 549 3307 Bonae
572 3249 724 3308 Deae
754 3249 1115 3319 accessisses,
1144 3250 1465 3308 exsulares.
1545 3251 1632 3307 At
1658 3263 1720 3308 te
1746 3250 1807 3309 id
1836 3250 2066 3319 fecisse,
2089 3252 2276 3312 etiam

365 3344 601 3421 gloriari
642 3346 817 3403 soles.
907 3343 1230 3415 Quomodo
1265 3344 1464 3421 igitur,
1499 3357 1586 3403 tot
1616 3345 1854 3422 legibus
1894 3345 1953 3402 in
1995 3346 2273 3405 exsilium

366 3438 611 3515 ejectus,
640 3459 853 3497 nomen
882 3438 1108 3497 exsulis
1140 3458 1258 3497 non
1286 3440 1732 3516 perhorrescisl
1773 3441 1979 3499 Romae
2012 3461 2160 3515 sum,
2189 3443 2272 3501 in·

365 3532 508 3611 quit.
588 3534 673 3591 Et
691 3532 935 3610 quidem
955 3532 1018 3589 in
1038 3546 1248 3610 operto
1269 3533 1446 3591 fuisti.
1529 3534 1674 3592 Non
1695 3534 1876 3611 igitur
1894 3535 1999 3593 ubi
2019 3536 2273 3613 quisque

364 3626 495 3696 erit,
529 3627 660 3705 ejus
700 3628 814 3687 loci
843 3627 951 3705 jus
988 3627 1245 3699 tenebit3
1304 3628 1356 3687 si
1388 3627 1471 3686 ibi
1511 3648 1650 3687 eum
1689 3629 1922 3707 legibus
1971 3650 2104 3691 esse
2153 3653 2272 3691 non

362 3722 671 3799 oportebit.
