2492 4392
756 343 1180 428 ”unAnoxom
1208 375 1494 418 v.—cAr.
1522 375 1562 418 r.
2034 359 2116 423 88

844 605 883 650 Ρ
898 606 942 650 A
958 606 1009 650 B.
1024 606 1069 650 A
1084 605 1129 650 D
1145 606 1186 651 Ο
1204 606 1257 651 X
1273 605 1316 652 O
1336 607 1384 651 N
1426 606 1486 652 V.

389 699 499 746 Ὀτι
514 696 667 760 μόνος
689 695 719 742 ὁ
742 695 890 758 σοφὸς
912 694 1187 757 ἐλεύθερος,
1212 695 1296 742 καὶ
1321 700 1414 752 πᾶς
1435 696 1596 758 ἄφρων
1619 693 1806 751 δοῦλος.
1975 715 2010 740 s

395 790 559 838 Solum
580 790 849 852 mpietatem
870 803 973 835 cue
994 787 1207 845 liberum,
1230 795 1278 834 et
1298 803 1480 836 omnem
1499 787 1704 836 sculum
1721 801 1928 835 emm.
1999 837 2012 850 ,

294 889 341 946 Ι.
383 893 473 946 33.
492 885 830 944 Laudatur
855 905 997 942 vero
1024 885 1123 942 hic
1144 885 1492 962 Imperator,
1517 896 1618 942 aut
1645 884 1826 942 etiam
1855 885 2118 963 appelle-

216 996 327 1052 tur,
356 996 455 1040 aut
481 982 597 1040 hoc
630 981 876 1039 nomine
904 979 1119 1058 dignus
1152 992 1412 1058 putetur.
1495 979 1640 1052 Quo
1673 979 1860 1038 modo
1891 991 1990 1038 aut
2021 979 2122 1040 cui

213 1078 454 1136 tandem
480 1077 579 1134 hic
606 1077 799 1132 libero
824 1073 1160 1153 imperabit,
1188 1069 1436 1150 quinon
1470 1086 1668 1152 potest
1701 1072 2122 1152 cupiditatibus

214 1173 337 1230 suis
368 1173 667 1251 imperare
690 1170 714 1229 ’ὲ
806 1168 1097 1226 Refrenet
1130 1167 1392 1246 primum
1421 1167 1717 1238 libidines,
1751 1181 1992 1246 spernat
2021 1187 2122 1226 vo-

212 1269 488 1356 luptates,
531 1264 905 1326 iracundiam
951 1274 1170 1332 teneat,
1212 1275 1486 1320 coerceat
1531 1263 1858 1332 avaritiam,
1893 1275 2124 1322 ceteras

216 1363 393 1421 animi
426 1363 599 1420 labes
638 1360 927 1438 repellat:
981 1368 1108 1414 tum
1142 1356 1388 1434 incipiat
1426 1357 1554 1414 aliis
1597 1356 1908 1434 imperare,
1937 1375 2124 1432 quum

218 1458 343 1536 ipse
362 1454 817 1535 improbissimis
839 1451 1110 1520 dominis,
1132 1450 1420 1509 dedecori
1443 1470 1512 1508 ac
1537 1450 1890 1529 turpitudini
1910 1469 2124 1528 parere
2159 1439 2170 1452 ’

217 1551 476 1610 desierit.
559 1550 726 1608 Dum
750 1547 991 1626 quidem
1015 1546 1109 1603 his
1139 1543 1398 1614 obediet,
1420 1565 1540 1603 non
1567 1544 1750 1603 modo
1769 1545 2124 1624 Imperator,

218 1649 321 1706 sed
348 1647 507 1704 liber
532 1641 845 1730 habendus
880 1641 1119 1700 omnino
1150 1659 1270 1698 non
1303 1640 1430 1697 erit.
1512 1639 1812 1698 Praeclare
1845 1640 2005 1696 enim
2025 1641 2128 1698 ‘est

215 1745 329 1802 hoc
355 1751 711 1818 usurpatum
742 1757 777 1794 a
802 1735 1177 1804 doctissimis,
1205 1753 1464 1810 quorum
1490 1753 1602 1811 ego
1631 1733 1978 1791 auctoritate
2005 1751 2128 1790 nou

217 1852 449 1906 uterer,
475 1835 527 1894 si
560 1833 709 1891 mihi
743 1830 901 1910 apud
935 1831 1161 1906 aliquos
1203 1840 1472 1906 agrestes
1503 1828 1632 1886 haec
1662 1825 1939 1884 habenda
1972 1837 2132 1884 esset
2171 1807 2178 1812 Ι

220 1934 449 1993 oratio:
500 1949 684 2007 quum
729 1945 871 1984 vero
920 1923 1078 2002 apud
1118 1920 1610 2001 prudentissimos
1656 1921 1882 1996 loquar,
1918 1919 2132 1995 quibus

216 2031 351 2087 haec
370 2023 646 2084 inaudita
670 2041 789 2078 non
816 2030 970 2088 sunt,
993 2036 1102 2076 cur
1126 2037 1245 2095 ego
1272 2014 1570 2081 simulem,
1589 2031 1706 2082 me,
1727 2012 1778 2070 si
1799 2011 1940 2090 quid
1961 2011 2022 2069 in
2041 2011 2132 2070 his

218 2123 434 2184 studiis
457 2137 659 2196 operae
680 2113 999 2194 posuerim,
1020 2111 1350 2190 perdidisse
1370 2109 1394 2170 3
1477 2106 1724 2164 Dictum
1745 2118 1836 2164 est
1857 2105 2038 2182 igitur
2057 2106 2134 2162 ab

222 2212 637 2278 eruditissimis
662 2209 823 2278 viris,
850 2207 963 2294 nis-i
992 2206 1342 2285 sapientem,
1367 2203 1628 2260 liberum
1656 2219 1790 2258 esse
1815 2199 2136 2258 neminem.

223 2320 321 2373 34.
365 2308 537 2382 Quid
572 2319 661 2364 est
704 2305 863 2362 enim
895 2293 1183 2360 libet-tasi
1266 2298 1539 2356 Potestas
1579 2291 1834 2364 vivendi,
1867 2293 2138 2372 ut'velis.

224 2407 385 2480 Quis
406 2405 591 2482 igitur
607 2401 768 2470 vivit,
787 2411 853 2456 ut
872 2399 1014 2466 vult,
1038 2395 1152 2454 nisi
1175 2393 1277 2472 qui
1297 2404 1466 2451 recta
1489 2373 1772 2466 sequitur,
1793 2388 1895 2466 qui
1917 2386 2140 2465 gaudet

227 2503 441 2571 officio,
473 2499 570 2558 cui
596 2494 837 2556 vivendi
864 2493 958 2552 via
991 2475 1360 2551 considerata
1391 2469 1568 2564 atque
1596 2484 1832 2564 provisa
1859 2483 1992 2541 esti
2033 2482 2139 2558 qui

224 2597 465 2676 legibus
486 2591 729 2672 quidem
751 2610 870 2648 non
892 2598 1137 2676 propter
1156 2595 1384 2642 metum
1403 2591 1591 2659 paret,
1613 2577 1720 2636 sed
1742 2597 1842 2636 eas
1869 2575 2139 2654 sequitur

228 2708 417 2771 atque
440 2689 602 2757 colit,
622 2686 760 2764 quia
780 2683 843 2741 id
864 2683 1119 2740 salutare
1139 2676 1403 2736 maxime
1425 2693 1556 2732 esse
1571 2671 1830 2750 judicat:
1866 2670 1970 2746 qui
1986 2667 2141 2726 nihil

232 2789 394 2855 dicit,
439 2784 582 2842 nihil
617 2781 773 2849 facit,
817 2776 965 2835 nihil
1015 2772 1235 2851 cogitat
1281 2768 1560 2846 denique,
1603 2765 1719 2824 nisi
1758 2765 2019 2824 libenter
2071 2781 2144 2820 ao

232 2884 462 2942 libere:
501 2879 671 2956 cujus
702 2867 1190 2937 omniaconsilia,
1210 2884 1425 2942 resque
1452 2881 1675 2930 omnes,
1699 2879 1842 2938 quas
1872 2857 2045 2936 gerit,
2067 2855 2142 2914 ab

235 2981 372 3058 ipso
391 2974 864 3060 prpficiscuntur,
882 2965 1217 3040 eodemque
1239 2958 1607 3016 referuntur:
1643 2974 1756 3012 nec
1779 2965 1867 3012 est
1886 2953 2008 3010 ulla
2027 2968 2142 3019 res,

235 3095 371 3152 quae
407 3074 543 3151 plus
584 3065 746 3146 apud
781 3083 918 3122 eum
957 3059 1197 3138 polleat,
1228 3073 1406 3133 quam
1438 3051 1624 3131 ipsius
1656 3049 1924 3108 voluntas
1966 3057 2144 3121 atque

239 3167 576 3250 judiciumt
622 3161 719 3221 cui
747 3157 989 3238 quidem
1023 3152 1219 3221 etiam,
1250 3169 1380 3227 quae
1414 3146 1534 3205 vim
1566 3144 1788 3202 habere
1829 3140 2148 3198 maximam

238 3264 478 3330 dicitur,
516 3259 784 3318 Fortuna
825 3253 955 3330 ipsa
1003 3246 1195 3306 ceditz
1257 3243 1413 3302 sicut
1457 3238 1692 3318 sapiens
1737 3246 1917 3317 poeta
1958 3232 2146 3299 dixit3

245 3361 389 3419 Suis
416 3377 487 3414 ea
514 3355 713 3428 cuique
721 3347 983 3425 fingitur
1008 3341 1275 3400 moribus.
1358 3335 1485 3394 Soli
1511 3333 1696 3410 igitur
1720 3330 1836 3386 hoc
1865 3320 2152 3398 contingit

242 3451 518 3533 sapienti,
549 3461 616 3506 ut
648 3443 795 3503 nihil
821 3440 998 3498 faciat
1028 3435 1260 3503 invitus,
1286 3431 1436 3490 nihil
1460 3428 1690 3493 dolens,
1717 3419 1861 3480 nihil
1897 3429 2152 3496 coactus.

246 3556 342 3610 35.
379 3543 571 3620 Quod
606 3540 722 3600 etsi
743 3539 825 3595 ita
858 3555 987 3594 esse
1030 3529 1306 3611 pluribus
1338 3522 1536 3584 verbis
1569 3511 1981 3574 disserendum
2021 3523 2152 3568 est:

246 3643 401 3705 illud
434 3654 640 3699 tamen
679 3645 741 3692 et
770 3633 952 3696 breve
994 3639 1055 3685 et
1095 3617 1500 3684 confitendum
1541 3622 1644 3679 est,
1677 3604 1791 3665 nisi
1827 3604 1927 3682 qui
1959 3602 2044 3661 ita
2079 3603 2158 3659 sit

249 3741 518 3806 affectus,
544 3732 803 3792 liberum
836 3745 969 3786 esse
1001 3719 1316 3782 neminem.
1397 3705 1571 3769 Servi
1597 3701 1778 3783 igitur
1811 3717 2016 3760 omnes
2049 3696 2156 3756 im-
