2492 4392
665 381 814 423 s1vs
849 380 932 422 ns
968 378 1504 423 mimum—ear.
1531 379 1669 421 1111.
2043 366 2119 425 51

207 511 492 584 mmittas3
531 524 726 591 caput
747 512 908 571 enim
931 530 1064 571 esse
1085 509 1160 569 ad
1176 511 1353 571 beate
1372 510 1695 570 vivendum
1720 511 2125 580 securitatem,

207 628 316 684 qua
334 608 451 667 frui
472 628 596 667 non
621 608 816 687 possit
845 608 1094 675 animus,
1115 608 1166 665 si
1187 613 1491 685 tamquam
1516 608 1809 685 parturiat
1839 628 1989 665 unus
2019 628 2127 685 pro

201 703 484 780 pluribus.
571 708 676 764 46.
713 704 881 761 Alios
910 715 1110 761 autem
1131 702 1335 761 dicere
1358 702 1521 761 aiunt
1548 704 1731 760 multo
1754 703 1933 761 etiam
1955 704 2124 761 inhu-

200 798 426 857 manius
485 801 707 877 (quem
754 801 954 857 locum
999 798 1262 856 breviter
1313 798 1637 876 perstrinxi
1683 799 1885 877 paullo
1941 798 2123 874 ante),

196 894 460 969 praesidii
509 894 975 973 adjumentique
1029 914 1228 964 causa,
1272 913 1395 953 non
1442 893 1872 955 benevolentiae
1923 914 2123 972 neque

197 988 457 1048 caritatis
501 990 802 1051 amicitias
847 1010 980 1051 esse
1019 988 1409 1069 expetendas.
1492 989 1727 1066 Itaque,
1762 1002 1827 1047 ut
1866 989 2123 1067 quisque

195 1082 510 1145 minimum
545 1086 842 1147 firmitatis
875 1086 1110 1155 habeat,
1138 1086 1571 1162 minimumque
1597 1084 1831 1154 virium,
1860 1084 1947 1145 ita
1978 1085 2121 1143 ami-

196 1178 366 1237 citias
395 1194 698 1260 appetere
727 1181 1022 1240 maxime:
1067 1168 1146 1239 ex·
1173 1200 1247 1239 eo
1274 1181 1424 1250 fieri,
1445 1193 1511 1239 ut
1536 1179 1905 1239 mulierculas
1930 1181 2124 1259 magis

197 1274 608 1337 amicitiarum
634 1276 910 1356 praesidia
936 1289 1222 1352 quaerant,
1255 1297 1433 1355 quam
1460 1277 1587 1346 viri,
1618 1289 1680 1335 et
1706 1277 1915 1356 inopes
1944 1298 2124 1354 quam

196 1371 483 1446 opulenti,
506 1386 574 1431 et
601 1364 930 1431 calamitosi
952 1392 1131 1449 quam
1158 1372 1220 1442 ii,
1243 1373 1347 1449 qui
1375 1385 1659 1451 putantur
1679 1348 1921 1479 beatis-⁷
1938 1379 2033 1432 47.
2066 1374 2124 1431 O

195 1467 560 1541 praeclamm
603 1468 960 1545 sapientiam
984 1470 997 1526 !
1097 1468 1305 1527 Solem
1352 1469 1510 1526 enim
1557 1489 1594 1527 e
1640 1468 1861 1527 mundo
1908 1471 2123 1529 tollere

197 1559 499 1633 videntur,
521 1563 630 1640 qui
657 1563 977 1623 amicitiam
1005 1584 1042 1622 e
1067 1562 1188 1623 vita
1215 1564 1467 1623 tolluntz
1508 1585 1627 1642 qua
1647 1564 1794 1623 nihil
1814 1586 1851 1625 a
1870 1564 1987 1624 diis
2014 1564 2122 1623 im-

195 1658 558 1720 mortalibus
605 1658 820 1717 melius
862 1658 1168 1728 habemus,
1207 1659 1352 1718 nihil
1389 1659 1729 1737 jucundius.
1827 1659 1987 1733 Quas
2034 1673 2126 1720 est

197 1752 358 1811 enim
400 1754 524 1814 ista
565 1754 898 1815 securitas?
953 1754 1158 1833 specie
1201 1754 1445 1831 quidem
1484 1755 1722 1825 blanda,
1760 1754 1867 1813 sed
1908 1775 2121 1833 reapse

197 1848 406 1907 multis
434 1850 592 1909 locis
623 1849 1010 1927 repudianda.
1091 1850 1315 1928 Neque
1348 1850 1511 1909 enim
1546 1863 1641 1909 est
1666 1862 2126 1909 consentaneum

198 1942 384 2003 ullam
411 1946 730 2005 honestam
756 1965 885 2003 rem
916 1945 1305 2014 actionemve,
1328 1964 1405 2003 ne
1432 1942 1719 2003 sollicitus
1746 1945 1849 2012 sis,
1878 1956 1981 2001 aut
2006 1964 2127 2001 non

198 2039 535 2118 suscipere,
559 2053 662 2099 aut
689 2054 1028 2119 susceptam
1049 2039 1376 2118 deponere.
1459 2038 1649 2111 Quod
1674 2039 1725 2097 si
1746 2059 1951 2097 curam
1972 2038 2125 2116 fugi-

201 2150 360 2205 mus,
382 2136 576 2195 virtus
596 2134 886 2214 fugienda
907 2148 1012 2205 est,
1035 2154 1172 2212 quae
1199 2154 1454 2193 necesse
1482 2146 1573 2192 est
1600 2153 1734 2191 cum
1763 2133 1962 2212 aliqua
1984 2155 2128 2194 cura

201 2247 300 2287 res
348 2232 467 2291 sibi
513 2231 836 2299 contrarias
883 2242 1237 2310 aspernetur
1285 2242 1465 2308 atque
1508 2228 1734 2298 oderit;
1792 2242 1859 2289 ut
1896 2230 2127 2288 bonitas

205 2324 520 2396 malitiam,
543 2326 935 2405 temperantia
954 2324 1289 2397 libidinem,
1310 2325 1609 2404 ignaviam
1630 2324 1931 2384 fortitudo,
2007 2326 2125 2384 Ita·

205 2438 326 2494 que
346 2422 560 2480 videas
583 2422 766 2481 rebus
787 2421 1020 2500 injustis
1034 2422 1230 2499 justos
1252 2420 1519 2479 maxime
1540 2420 1767 2490 dolere,
1786 2420 2125 2481 imbellibus

206 2512 415 2588 fortes,
437 2516 744 2596 flagitiosis
771 2515 1088 2575 modestos.
1169 2514 1341 2594 Ergo
1364 2516 1477 2573 hoc
1494 2516 1801 2595 proprium
1824 2530 1915 2576 est
1940 2517 2125 2577 animi

207 2608 364 2670 bene
395 2612 715 2682 constituti,
745 2625 808 2670 et
833 2611 1022 2670 laetari
1049 2611 1220 2669 bonis
1247 2610 1455 2681 rebus,
1476 2624 1535 2669 et
1561 2611 1767 2669 dolere
1797 2612 2123 2670 contrariis.

209 2710 303 2765 48.
347 2708 762 2779 Quamobrem
805 2706 858 2764 si
900 2706 1060 2764 cadit
1092 2706 1154 2765 in
1195 2706 1529 2784 sapientem
1572 2707 1752 2765 animi
1788 2708 1954 2766 dolor
1994 2706 2124 2783 (qui

207 2803 487 2879 profecto
507 2803 685 2873 cadit,
703 2801 817 2860 nisi
839 2822 919 2861 ex
941 2802 996 2880 ej
1005 2820 1073 2859 us
1095 2802 1295 2861 animo
1316 2802 1677 2881 extirpatam
1692 2803 2125 2863 humanitatem

210 2898 610 2976 arbitramur),
638 2919 772 2975 quae
807 2916 988 2957 causa
1020 2910 1130 2967 est,
1161 2918 1267 2956 cur
1300 2898 1617 2957 amicitiam
1650 2896 1914 2957 funditus
1955 2900 2123 2957 tolla·

207 3010 344 3053 mus
367 3014 402 3053 e
423 2994 562 3064 vita,
583 3014 662 3051 ne
683 2994 916 3071 aliquas
935 3006 1184 3072 propter
1201 3014 1337 3053 eam
1364 2993 1759 3072 suscipiamus
1780 2994 2121 3053 molestias?

209 3088 382 3160 Quid
419 3088 580 3148 enim
620 3089 886 3158 interest,
919 3102 1084 3147 motu
1125 3088 1307 3147 animi
1347 3090 1595 3159 sublato,
1628 3108 1747 3148 non
1788 3090 1925 3149 dico
1965 3090 2124 3147 inter

207 3182 516 3245 homiuem
550 3197 610 3244 et
641 3185 960 3263 pecudem,
993 3183 1104 3243 sed
1130 3184 1289 3243 inter
1319 3186 1623 3244 hominem
1656 3198 1719 3244 et
1756 3195 2125 3255 saxum,.aut

207 3291 510 3347 truncum,
533 3292 634 3339 aut
653 3279 889 3357 quidvis
911 3279 1149 3357 generis
1171 3280 1477 3357 ejusdeml
1560 3281 1783 3355 Neque
1806 3276 2123 3337 enim’sunt

207 3374 306 3433 isti
341 3374 644 3443 audiendi,
673 3374 775 3453 qui
807 3374 1092 3434 virtutem
1125 3374 1357 3444 duram,
1394 3386 1455 3433 et
1490 3372 1659 3449 quasi
1690 3371 1949 3429 ferream
1989 3387 2123 3425 esse

211 3469 512 3548 quandam
544 3470 784 3530 volunt:
828 3489 958 3547 quae
992 3469 1238 3548 quidem
1273 3481 1381 3537 est,
1410 3488 1548 3526 cum
1582 3464 1785 3523 multis
1817 3463 1879 3520 in
1921 3462 2121 3531 rebus,

209 3578 334 3625 tum
355 3565 418 3625 in
437 3564 717 3633 amicitia,
739 3577 947 3625 tenera
972 3578 1152 3644 atque
1179 3561 1537 3623 tractabilis:
1580 3571 1645 3618 ut
1666 3569 1731 3615 et
1748 3556 1919 3615 bonis
1948 3556 2123 3616 amici

209 3661 378 3740 quasi
411 3659 833 3730 diffundantur,
862 3672 924 3719 et
954 3656 1352 3721 incommodis
1386 3653 1818 3725 eonnahantur.
1892 3651 2121 3723 Quam·

206 3758 412 3817 obrem
443 3776 632 3833 angor
664 3755 794 3826 iste,
825 3755 927 3831 qui
957 3774 1068 3832 pro
1099 3751 1291 3811 amico
1320 3766 1482 3825 saepe
1516 3743 1837 3825 capiendus
1868 3758 1971 3817 est,
2002 3768 2123 3809 non
