2492 4392
429 368 514 424 20
885 380 954 420 ιι.
987 378 1048 418 r.
1080 377 1411 419 crestoms
1444 376 1611 417 caro
1647 373 1873 424 nasos,

431 533 504 570 ac
533 510 804 588 stirpium
833 508 1244 568 minutissimis
1276 507 1605 586 seminibus
1628 517 1820 562 tantos
1847 517 2083 562 truncos
2106 517 2367 562 ramos·‘

431 627 552 684 que
599 618 890 684 procreat.
993 604 1287 672 Malleoli,
1328 605 1569 680 plantae,
1610 613 1921 667 sarmenta,
1964 600 2337 670 viviradices,

430 702 810 780 propagines,
837 720 1034 758 nonne
1073 719 1150 758 ea
1187 699 1471 764 efficiunt,
1500 711 1567 754 ut
1598 696 1867 773 quemvis
1906 715 2043 752 cum
2084 695 2339 754 admira·

431 798 593 855 tione
627 797 970 854 delectenti
1049 795 1214 852 Vitis
1246 793 1497 871 quidem
1530 813 1665 869 quae
1706 806 1919 848 natura
1957 790 2183 848 caduca
2221 797 2335 862 est,

429 905 509 960 et,
541 893 654 950 nisi
685 893 834 950 fulta
871 893 964 960 sit,
999 891 1076 948 ad
1115 904 1339 947 terram
1378 889 1599 956 fertur3
1648 886 1879 954 eadem,
1914 898 1978 943 ut
2016 901 2081 944 s‘e
2120 887 2333 964 erigat,

431 988 736 1046 claviculis
773 987 916 1054 suis,
950 986 1122 1064 quasi
1165 985 1457 1052 manibus,
1491 982 1781 1060 quidquid
1820 995 1911 1039 est
1952 995 2137 1049 nacta,
2174 1002 2335 1040 com-

429 1084 748 1159 plectitur:
797 1102 996 1158 quam,
1019 1093 1367 1158 serpentem
1408 1078 1721 1156 multiplici
1752 1078 1924 1154 lapsu
1965 1090 2023 1134 et
2062 1077 2333 1148 erraticO,

429 1177 596 1234 ferro
621 1191 932 1255 amputans
957 1186 1198 1234 coe‘rcet
1223 1195 1321 1232 ars
1354 1174 1767 1251 agricolarum,
1795 1193 1873 1229 ne
1904 1173 2177 1230 silvescat
2208 1194 2332 1230 sar-

431 1273 667 1340 mentis,
701 1285 766 1329 et
803 1272 866 1328 in
905 1292 1111 1328 omnes
1151 1283 1351 1347 partes
1392 1270 1575 1327 nimia
1612 1268 1910 1326 fundatur.
1990 1273 2083 1328 53.
2120 1269 2331 1344 Itaque

429 1367 844 1446 ineunte-vere
871 1367 934 1424 in
961 1367 1052 1434 iis,
1079 1387 1214 1442 quae
1239 1365 1447 1424 'relicta
1478 1377 1637 1433 sunt,
1664 1365 1897 1421 exsistit
1928 1377 2223 1440 tamquam
2256 1363 2329 1421 ad

431 1463 719 1520 articulos
765 1476 1192 1520 sarmentorum
1241 1482 1317 1519 ea
1362 1482 1497 1538 quae
1550 1481 1791 1538 gemma
1832 1461 2079 1530 dicitur:
2136 1479 2173 1516 a
2210 1480 2335 1536 qua

431 1558 632 1615 oriens
664 1578 784 1616 uva
823 1579 958 1616 sese
991 1558 1281 1616 ostendit:
1325 1579 1460 1634 quae
1494 1571 1559 1615 et
1596 1578 1773 1614 succo
1810 1570 2001 1625 terrae,
2034 1570 2093 1616 et
2130 1559 2333 1615 calore

365 1719 374 1726 .
429 1654 572 1710 solis
597 1673 930 1730 augescens
949 1655 1142 1732 primo
1163 1667 1253 1710 est
1273 1654 1601 1730 peracerba
1624 1666 1879 1730 gustatu,
1902 1652 2117 1710 deiude
2146 1667 2332 1710 matu·

430 1762 556 1806 rata
597 1749 900 1818 dulcescit,
943 1750 1279 1832 restitaque
1326 1750 1645 1828 pampinis,
1692 1769 1801 1806 nec
1846 1749 2077 1805 modico
2119 1762 2333 1826 tepore

431 1857 610 1914 caret,
639 1858 704 1902 et
735 1845 949 1903 nimios
979 1845 1120 1904 solis
1153 1845 1423 1904 defendit
1454 1845 1713 1903 ardores.
1794 1845 1941 1915 Qua
1970 1843 2110 1920 quid
2138 1855 2335 1921 potest

431 1961 564 1998 esse
601 1961 740 2000 cum
777 1941 974 1998 fructu
1011 1941 1225 2011 laetius,
1260 1954 1387 1998 tum
1434 1941 1719 2018 adspectu
1764 1940 2105 2017 pulchrius?
2163 1941 2333 2017 cujus

433 2036 676 2112 quidem
717 2057 838 2094 non
883 2037 1104 2094 utilitas
1151 2057 1251 2094 me
1296 2038 1512 2104 solum,
1549 2048 1613 2092 ut
1660 2049 1797 2093 ante
1830 2035 1974 2102 dixi,
2007 2035 2111 2092 sed
2148 2036 2334 2092 etiam

433 2133 681 2201 cultura,
709 2145 772 2190 et
801 2133 930 2210 ipsa
961 2146 1176 2191 natura
1205 2131 1506 2190 delectat:
1548 2131 2041 2188 adminiculorum
2074 2130 2329 2200 ordines,

431 2227 694 2304 capitum
709 2229 968 2305 jug-atio,
984 2228 1263 2304 religatio
1284 2240 1352 2284 et
1378 2228 1730 2305 propagatio
1756 2227 1982 2294 vitium,
2010 2240 2333 2284 sarmento-

427 2342 682 2398 rumque
709 2343 802 2392 ea,
820 2343 1000 2399 quam
1027 2322 1170 2388 dixi,
1197 2322 1443 2397 aliorum
1471 2323 1817 2398 amputatio,
1840 2322 2087 2380 aliorum
2114 2321 2332 2378 immis-

427 2417 536 2472 sio.
615 2417 784 2486 Quid
815 2438 934 2492 ego
961 2415 1357 2492 irrigationes,
1402 2417 1548 2492 quid
1595 2415 1881 2474 fossiones
1914 2417 2059 2495 agri,
2088 2417 2335 2494 repasti-

427 2509 816 2587 nationesque
851 2509 1166 2587 proferam,
1199 2509 1417 2585 quibus
1448 2511 1513 2568 fit
1546 2512 1731 2569 multo
1770 2525 1929 2570 terra
1961 2511 2333 2570 foecundior‘l

429 2608 524 2661 54.
559 2603 726 2674 Quid
749 2604 828 2662 de
855 2603 1108 2662 utilitate
1130 2605 1339 2680 loquar
1362 2606 1773 2664 stercorandi}
1816 2606 1943 2663 dixi
1970 2607 2028 2663 in
2056 2627 2129 2663 eo
2160 2607 2333 2675 libro,

427 2717 610 2774 quem
645 2699 722 2756 de
755 2701 935 2757 rebus
969 2699 1204 2757 rusticis
1235 2701 1485 2778 scripsi:
1526 2702 1605 2759 de
1640 2723 1759 2778 qua
1792 2701 1999 2760 doctus
2028 2702 2335 2760 Hesiodus

426 2813 504 2850 ne
535 2795 786 2853 verbum
821 2794 1065 2872 quidem
1097 2795 1256 2864 fecit,
1292 2817 1427 2854 cum
1459 2796 1537 2854 de
1574 2799 1809 2856 cultura
1850 2799 1976 2875 agri
2008 2799 2331 2856 scriberet:

429 2900 488 2946 at
515 2889 841 2958 Homerus,
865 2891 966 2967 qui
995 2891 1212 2956 multis,
1243 2903 1309 2948 ut
1336 2893 1481 2949 mihi
1506 2893 1761 2962 videtur,
1792 2908 1929 2951 ante
1958 2895 2173 2951 seculis
2200 2893 2331 2964 fuit,

429 2983 714 3041 Laertem
740 2985 1066 3043 lenientem
1093 2985 1474 3056 desiderium,
1504 2989 1663 3065 quod
1694 2990 1966 3066 capiebat
2000 3010 2035 3046 e
2064 2990 2203 3058 filio,
2234 3011 2331 3047 co-

424 3079 650 3136 lentem
699 3101 925 3156 ngrum,
975 3093 1038 3137 et
1085 3101 1224 3137 eum
1278 3094 1702 3142 stercorantem
1750 3084 1906 3142 facit.
1969 3085 2139 3142 ‘Nec
2188 3105 2329 3143 vero

423 3174 730 3250 segetibus
756 3177 971 3244 solum,
993 3188 1054 3232 et
1074 3176 1275 3253 pratis,
1298 3188 1359 3234 et
1378 3178 1583 3247 vineis,
1606 3193 1667 3236 et
1695 3181 1945 3238 arbustis
1972 3199 2069 3236 res
2096 3180 2331 3238 rusticae

421 3269 575 3328 laetae
615 3282 785 3340 sunt;
835 3270 942 3326 sed
977 3271 1160 3328 etiam
1191 3273 1375 3330 hortis
1418 3287 1479 3331 et
1509 3275 1827 3353 pomariis:
1871 3289 1997 3333 tum
2025 3275 2327 3352 pecudum

421 3378 614 3441 pastu,
637 3366 840 3442 apium
867 3366 1261 3437 examinibus,
1282 3368 1501 3427 florum
1528 3371 1792 3428 omnium
1814 3371 2114 3430 varietate.
2192 3371 2327 3428 Nec

421 3461 776 3518 consitiones
810 3461 991 3518 modo
1025 3461 1341 3532 delectant,
1368 3453 1475 3522 sed
1510 3465 1693 3524 etiam
1726 3467 2065 3525 insitiones:
2110 3466 2323 3544 quibus

420 3555 566 3612 nihil
593 3557 812 3614 invenit
839 3557 1200 3634 agricultura
1229 3559 1541 3618 sollertius.

499 3742 672 3802 XVI.
714 3717 810 3803 55.
843 3747 1096 3806 Possum
1130 3713 1409 3826 persequi
1441 3752 1631 3810 multa
1658 3753 2091 3814 oblectamenta
2122 3773 2320 3812 rerum
