2492 4392
536 383 682 424 SIVE
722 382 802 425 n:
843 381 1382 425 aulolum—CAP-
1410 380 1751 426 xva-xxx.
2017 370 2099 429 57

180 514 446 581 vincunt,
477 526 586 572 aut
615 514 664 573 si
691 514 754 573 in
781 512 952 571 bonis
985 514 1164 571 rebus
1198 524 1601 583 contemnunt,
1630 525 1733 573 aut
1766 513 1817 573 si
1845 514 1905 573 in
1930 514 2101 575 malis

183 608 488 667 deserunt.
535 603 579 687 s
591 597 638 675 O

258 795 512 855 XVIII.
558 798 685 870 Qui
710 798 894 875 igitur
931 811 1182 875 utraque
1215 797 1277 854 in
1318 818 1383 855 re
1425 818 1687 875 gravem,
1716 812 2101 871 constantem,

153 888 460 952 ‘stabilem
497 914 566 953 se
600 894 662 951 in
697 893 955 952 amicitia
987 894 1344 972 praestiterit,
1374 894 1531 951 hunc
1564 914 1643 952 ex
1677 895 1935 953 maxime
1967 917 2101 955 raro

181 988 498 1047 hominum
535 1009 758 1067 genere
777 988 1049 1067 judicare
1079 989 1387 1058 debemus,
1418 1001 1475 1047 et
1504 1008 1673 1067 poene
1702 989 1921 1050 divino.
2002 998 2099 1051 65.

182 1082 670 1143 Firmamentum
691 1097 894 1144 autem
918 1083 1256 1143 stabilitatis
1276 1084 1731 1161 constantiaeque
1754 1086 1900 1163 ejus,
1920 1106 2101 1163 quam

183 1177 250 1235 in
279 1180 551 1238 amicitia
583 1178 920 1258 quaerimus,
949 1178 1100 1237 fides
1141 1191 1248 1237 est.
1340 1178 1507 1237 Nihil
1542 1179 1699 1237 enim
1741 1181 1952 1239 stabile
1988 1194 2098 1250 est,

185 1275 344 1350 quod
387 1276 664 1335 infidum.
745 1274 1096 1352 Simplicem
1143 1286 1453 1351 praeterea,
1496 1286 1557 1333 et
1602 1282 1998 1346 communem,
2042 1288 2101 1334 et

187 1370 686 1440 consentientem,
715 1370 818 1447 qui
850 1370 1028 1427 rebus
1069 1368 1295 1427 eisdem
1339 1382 1625 1438 movetur,
1654 1369 1796 1447 eligi
1830 1390 1940 1448 par
1974 1385 2098 1431 est:

187 1484 320 1539 quae
353 1468 564 1525 omnia
586 1466 884 1544 pertinent
918 1462 992 1523 ad
1020 1463 1385 1522 fidelitatem.
1466 1464 1691 1542 Neque
1727 1465 1885 1523 enim
1913 1466 2101 1525 fidum

189 1572 384 1635 potest
405 1582 542 1620 esse
565 1561 881 1639 multiplex
901 1559 1226 1638 ingenium,
1245 1571 1305 1617 et
1326 1572 1686 1631 tortuosum3
1722 1580 1918 1638 neque
1937 1582 2099 1631 vere,

189 1654 290 1729 qui
320 1676 444 1715 non
479 1657 696 1716 iisdem
736 1657 918 1715 rebus
958 1669 1251 1725 movetur,
1286 1669 1611 1734 naturaque
1654 1657 1963 1727 consentit,
1998 1671 2099 1717 aut

189 1749 361 1821 fidus,
392 1767 498 1811 aut
529 1753 758 1811 stabilis
787 1764 981 1831 potest
1008 1771 1162 1810 esse.
1241 1751 1606 1810 Addendum
1642 1751 1859 1809 eodem
1894 1765 2001 1821 est,
2032 1767 2101 1811 ut

189 1864 266 1903 ne
299 1848 654 1907 criminibus
705 1861 804 1907 aut
836 1846 1160 1906 inferendis
1189 1847 1539 1915 delectetur,
1572 1859 1671 1905 aut
1704 1845 1905 1904 credat
1939 1847 2098 1905 obla·

191 1940 298 1999 tis:
335 1964 469 2020 quae
491 1943 693 2002 omnia
711 1943 1008 2021 pertinent
1029 1942 1279 2010 adeam,
1302 1961 1482 2017 quam
1500 1940 1861 2019 jamdudum
1888 1952 2097 2010 tracte,

191 2040 607 2097 constantiam.
688 2038 780 2097 Ita
813 2038 880 2095 fit
904 2057 1112 2096 verum
1144 2034 1308 2105 illud,
1339 2034 1497 2111 quod
1528 2034 1697 2093 initio
1730 2034 1873 2103 dixi,
1902 2035 2099 2094 amici-

191 2129 354 2203 tiam,
389 2134 510 2192 nisi
542 2134 700 2194 inter
731 2134 940 2203 bonos,
975 2151 1106 2191 esse
1151 2150 1270 2189 non
1320 2148 1519 2207 posse.
1608 2129 1723 2187 Est
1770 2129 1926 2187 enim
1962 2130 2100 2189 boni

191 2224 320 2298 viri,
341 2250 526 2306 quem
553 2229 808 2287 eundem
836 2228 1167 2306 sapientem
1193 2224 1336 2283 licet
1356 2223 1571 2294 dicere,
1592 2224 1721 2283 baec
1744 2224 1867 2283 duo
1894 2238 2100 2283 tenere

195 2320 254 2379 in
283 2325 582 2385 amicitia:
623 2324 902 2403 primum,
923 2344 1000 2381 ne
1028 2322 1171 2405 quid
1193 2322 1397 2381 fictum
1424 2321 1517 2390 sit,
1540 2341 1691 2379 neve
1719 2321 2097 2382 simulatum:

195 2433 402 2495 aperte
449 2420 609 2479 enim
648 2421 744 2478 vel
784 2419 998 2489 odisse,
1033 2419 1222 2497 magis
1265 2417 1511 2495 ingenui
1552 2430 1660 2486 est,
1690 2437 1869 2494 quam
1908 2418 2100 2476 fronte

198 2517 500 2575 occultare
528 2515 914 2575 sententiam=
957 2514 1192 2584 deinde,
1215 2534 1335 2572 non
1360 2514 1553 2571 solum
1578 2513 1652 2571 ab
1674 2512 1871 2590 aliquo
1894 2514 2101 2573 allatas

199 2611 639 2671 criminationes
671 2612 986 2689 repellere,
1014 2609 1121 2668 sed
1147 2630 1224 2668 ne
1253 2609 1449 2687 ipsum
1478 2608 1719 2686 quidem
1748 2628 1879 2669 esse
1912 2607 2101 2687 suspi-

201 2705 446 2777 ciosum,
475 2727 714 2785 semper
741 2704 962 2783 aliquid
989 2705 1407 2763 existimantem
1434 2704 1512 2762 ab
1541 2703 1733 2763 amico
1761 2724 1895 2763 esse
1922 2704 2101 2762 viola-

199 2812 338 2861 tum.
407 2808 505 2863 66.
524 2801 796 2861 Accedat
812 2802 930 2859 huc
946 2800 1198 2859 suavitas
1216 2799 1489 2877 quaedam
1508 2812 1745 2877 oportet
1760 2817 2102 2857 sermonum

203 2909 373 2974 atque
403 2918 653 2967 morum,
676 2896 1132 2973 haudquaquam
1159 2895 1459 2953 mediocre
1488 2894 1931 2953 condimentum
1960 2892 2100 2951 ami-

204 2990 370 3053 citiae.
455 2992 721 3073 Tristitia
755 3003 972 3060 autem,
1001 3003 1061 3049 et
1087 2990 1150 3047 in
1176 2990 1337 3048 omni
1362 3010 1427 3049 re
1460 2989 1761 3059 severitas,
1790 2990 1973 3049 habet
1998 2988 2103 3045 illa

206 3090 445 3163 quidem
477 3088 861 3167 gravitatem3
902 3085 1010 3144 sed
1040 3085 1298 3145 amicitia
1324 3084 1624 3143 remissior
1650 3104 1784 3143 esse
1815 3084 2013 3152 debet,
2041 3096 2105 3140 et

204 3181 455 3254 liberior,
477 3197 539 3243 et
559 3183 812 3252 dulcior,
835 3194 896 3241 et
921 3174 996 3240 ad
1019 3201 1257 3241 omnem
1284 3181 1623 3240 comitatem
1647 3179 2103 3253 facilitatemque

203 3280 531 3354 proclivior.
1517 3284 1521 3288 ’

280 3469 456 3529 XIX.
490 3474 588 3527 67.
625 3467 882 3527 Exsistit
901 3479 1102 3526 autem
1121 3468 1236 3525 hoc
1258 3468 1391 3525 loco
1408 3459 1687 3540 quaedam
1704 3456 1958 3538 quaestio
1976 3457 2113 3515 sub-

209 3563 487 3625 difficilis:
529 3584 673 3623 num
692 3563 930 3641 quando
953 3563 1127 3622 amici
1149 3561 1303 3629 novi,
1326 3556 1495 3635 digni
1514 3554 1792 3623 amicitia,
1810 3549 2115 3613 veteribus

210 3660 320 3722 sint
347 3659 768 3740 anteponendi,
789 3670 857 3717 ut
883 3656 1052 3735 equis
1074 3656 1291 3713 vetulis
1319 3666 1559 3714 teneros
1578 3659 1939 3726 anteponere
1967 3648 2117 3704 sole-

210 3774 334 3819 mus
344 3755 714 3835 2-Indigna
728 3752 967 3813 homine
985 3749 1305 3810 dubitatio!
1378 3744 1525 3805 Non
1541 3738 1703 3800 enim
1720 3736 2119 3801 amicit-iarum

1093 3844 1145 3906 C
1187 3848 1226 3904 2
