2492 4392
682 328 837 453 arvj-
864 341 943 381 nn
981 339 1519 383 Amorum—car.
1549 339 1732 382 xxm.
2093 327 2176 385 03

333 472 587 535 xxm.
632 477 726 532 86.
763 473 908 545 Quo
934 471 1115 531 etiam
1144 472 1336 551 magis
1347 470 1754 551 'vituperanda
1780 482 1870 531 est
1893 472 1986 531 rei
2015 494 2178 533 max-

256 572 377 631 ime
414 570 771 630 necessariae
810 582 969 627 tanta
1001 568 1247 627 incuria.
1328 569 1468 627 Una
1504 580 1598 627 est
1631 568 1790 627 enim
1828 569 2088 628 amicitia
2113 571 2177 629 in

257 670 441 727 rebus
474 666 773 733 humanis,
804 664 881 723 de
920 664 1091 742 cujus
1124 664 1376 722 utilitate
1409 684 1618 723 omnes
1649 684 1769 723 uno
1800 684 1903 723 ore
1931 686 2177 725 consen·

258 764 448 822 tiunt:
514 780 874 839 quamquam
922 780 959 818 a
1004 760 1201 819 multis
1242 760 1376 839 ipsa
1417 761 1602 819 virtus
1657 761 2073 832 contemnitur,
2117 773 2179 821 et

258 858 591 918 venditatio
625 856 901 934 quaedam
940 867 1119 933 atque
1158 856 1476 914 ostentatio
1513 876 1647 915 esse
1685 856 1918 915 dicitur.
2000 857 2178 916 Multi

258 954 501 1013 divitias
550 952 902 1031 despiciunt,
949 972 1099 1029 quos
1148 972 1334 1031 parvo
1389 964 1698 1011 contentos
1750 954 1946 1012 tenuis
1987 953 2176 1013 victus

259 1051 579 1126 cultusque
610 1048 899 1118 delectat;
944 1049 1197 1106 honores
1225 1066 1390 1118 ver0,
1415 1068 1668 1126 quorum
1697 1048 2023 1126 cupiditate
2051 1050 2176 1127 qui-

260 1146 407 1204 dam
448 1145 901 1214 inflammantur,
936 1164 1113 1221 quam
1160 1144 1335 1201 multi
1367 1144 1450 1203 ita
1489 1156 1890 1215 contemnunt,
1927 1158 1992 1203 ut
2029 1144 2178 1203 nihil

259 1240 521 1309 inanius,
555 1240 703 1297 nihil
736 1240 925 1298 levius
973 1259 1105 1297 esse
1154 1239 1528 1298 existiment!
1634 1239 1910 1317 Itemque
1958 1254 2175 1310 cetera,

264 1356 401 1413 quae
440 1335 803 1413 quibusdam
846 1334 1215 1393 admirabilia
1248 1334 1547 1405 videntur,
1581 1336 1858 1414 permulti
1892 1350 2042 1407 sunt,
2075 1336 2178 1414 qui

258 1451 375 1511 pro
423 1432 607 1489 nihilo
650 1444 877 1509 putent.
960 1430 1059 1487 De
1108 1430 1368 1489 amicitia
1413 1451 1624 1490 omnes
1669 1431 1745 1491 ad
1785 1452 1969 1491 unum
2015 1432 2177 1490 idem

260 1529 547 1597 sentiunt,
579 1540 641 1586 et
667 1527 729 1597 ii,
760 1526 861 1604 qui
892 1525 965 1585 ad
994 1511 1428 1605 rempublicam
1468 1548 1532 1587 se
1573 1529 1979 1599 contulerunt3
2023 1540 2084 1585 et
2111 1527 2176 1598 ii,

262 1623 369 1701 qui
404 1643 605 1681 rerum
646 1622 985 1701 cognitione
1020 1621 1408 1700 doctrinaque
1443 1623 1845 1695 delectantur3
1891 1636 1952 1683 et
1983 1624 2045 1694 ii,
2074 1624 2178 1702 qui

260 1739 443 1777 suum
482 1718 791 1796 negotium
834 1731 1051 1797 gerunt
1090 1718 1298 1790 otiosi3
1350 1732 1654 1797 postremo
1690 1719 1754 1789 ii,
1784 1719 1887 1795 qui
1921 1738 1986 1777 se
2029 1731 2180 1777 totos

261 1813 641 1873 tradiderunt
665 1814 1081 1893 voluptatibus,
1108 1814 1234 1871 sine
1265 1814 1525 1873 amicitia
1555 1814 1737 1873 vitam
1770 1831 1906 1872 esse
1932 1814 2178 1883 nullam,

262 1910 521 1968 simodo
542 1910 722 1968 velint
750 1910 952 1988 aliqua
972 1930 1049 1967 ex
1070 1922 1239 1987 parte
1259 1909 1589 1967 liberaliter
1606 1908 1828 1966 vivere.
1862 1934 1868 1942 ‘
1911 1912 2007 1965 87.
2037 1908 2177 1966 Ser-

262 2006 359 2085 pit
387 2006 546 2063 enim
572 2006 772 2063 nescio
794 2004 1093 2083 quomodo
1116 2024 1226 2081 per
1246 2002 1512 2060 omnium
1532 2003 1716 2061 vitam
1738 2002 2030 2075 amicitia3
2065 2024 2181 2062 nec

262 2103 450 2161 ullam
471 2101 661 2160 aetatis
682 2100 973 2181 degendae
996 2099 1290 2157 rationem
1311 2097 1538 2175 patitur
1564 2117 1700 2155 esse
1729 2110 2042 2177 expertem
2069 2099 2180 2159 sui.

266 2197 620 2271 Quinetiam
646 2196 697 2256 si
718 2186 851 2275 quis
880 2216 953 2255 ea
982 2193 1302 2273 asperitate
1329 2205 1438 2263 est,
1461 2206 1521 2251 et
1541 2192 1905 2265 immanitate
1934 2207 2178 2266 naturae,

260 2292 619 2371 congressus
647 2304 716 2351 ut
742 2287 1047 2349 hominum
1074 2289 1262 2368 fug-iat
1290 2302 1466 2366 atque
1495 2288 1708 2360 oderit,
1733 2291 1972 2368 qualern
1994 2291 2179 2350 fuisse

262 2389 523 2448 Athenis
548 2388 865 2447 Timonem
892 2386 1097 2445 nescio
1124 2406 1303 2463 quem
1333 2385 1708 2463 accepimus;
1749 2400 1950 2445 tamen
1975 2388 2027 2446 is
2054 2388 2178 2467 pati

261 2506 388 2544 non
418 2485 622 2563 possit,
650 2497 717 2543 ut
748 2504 868 2543 non
904 2483 1181 2561 anquirat
1218 2481 1497 2560 aliquem,
1527 2483 1688 2561 apud
1722 2504 1902 2562 quem
1939 2497 2180 2543 evomat

261 2582 431 2641 virus
460 2581 797 2640 acerbitatis
830 2600 971 2639 suae.
1050 2581 1254 2656 Atque
1284 2579 1397 2637 hoc
1425 2579 1686 2639 maxime
1707 2581 2097 2660 judicaretur,
2127 2581 2178 2639 si

264 2676 413 2756 quid
448 2680 565 2735 tale
601 2690 806 2755 posset
846 2676 1210 2753 contingere,
1244 2688 1313 2733 ut
1351 2676 1564 2753 aliquis
1604 2697 1712 2735 nos
1754 2678 1904 2736 deus
1945 2698 2024 2735 ex
2063 2679 2179 2735 hac

262 2773 570 2833 hominum
600 2772 931 2850 frequentia
970 2773 1225 2857 tolleret,
1254 2785 1316 2830 et
1343 2772 1402 2830 in
1447 2772 1766 2831 solitudine
1793 2775 2025 2854 uspiam
2055 2775 2176 2831 col-

261 2870 511 2938 locaret,
534 2882 711 2946 atque
733 2868 817 2926 ibi
844 2866 1229 2946 suppeditans
1261 2868 1522 2926 omnium
1548 2890 1764 2939 rerum,
1787 2892 1934 2947 quas
1964 2883 2178 2929 natura

264 2964 589 3034 desiderat,
620 2963 1041 3023 abundantiam
1070 2977 1129 3021 et
1154 2964 1403 3043 copiam,
1431 2964 1684 3023 hominis
1713 2967 1953 3024 omnino
1980 2965 2174 3044 adspi-

266 3060 466 3119 ciendi
494 3072 851 3139 potestatem
892 3058 1165 3137 eriperet.
1251 3059 1407 3130 Quis
1449 3072 1568 3118 tam
1610 3073 1766 3119 esset
1796 3062 2044 3131 ferreus,
2073 3061 2178 3139 qui

264 3176 401 3216 eam
436 3156 615 3215 vitam
642 3154 799 3213 ferre
833 3168 1050 3233 posset,
1080 3154 1294 3232 cuique
1335 3176 1451 3213 non
1493 3156 1753 3215 auferret
1785 3156 2046 3215 fructum
2077 3175 2176 3212 vo-

264 3252 567 3330 luptatum
613 3250 879 3308 omnium
920 3249 1221 3309 solitudo?
1305 3256 1400 3310 88.
1434 3252 1668 3309 Verum
1709 3272 1854 3329 ergo
1887 3249 2032 3308 illud
2067 3261 2174 3318 est,

264 3347 429 3427 quod
458 3367 493 3405 a
517 3347 846 3405 Tarentino
867 3348 1151 3425 Archyta,
1180 3360 1245 3405 ut
1273 3348 1495 3425 opinor,
1519 3347 1637 3405 dici
1667 3348 1925 3413 solitum,
1947 3356 2176 3401 nostros

263 3464 441 3503 senes
492 3462 959 3501 commemorare
1008 3442 1227 3511 audivi,
1273 3444 1348 3500 ab
1397 3442 1524 3518 aliis
1577 3441 1818 3497 senibus
1875 3437 2174 3498 auditum:

263 3550 299 3576 ‘⁴
322 3541 399 3599 Si
426 3540 559 3617 quis
589 3539 653 3596 in
684 3540 884 3597 coelum
917 3536 1278 3604 ascendisset,
1304 3548 1685 3609 naturamque
1717 3532 1936 3601 mundi,
1966 3543 2019 3589 et
2042 3534 2177 3607 pul-

260 3636 653 3697 chritudinem
682 3634 937 3692 siderum
966 3630 1365 3709 perspexisset,
1393 3631 1689 3686 insuavem
1716 3626 1886 3685 illam
1913 3626 2178 3685 admira·

258 3735 474 3793 tionem
522 3732 575 3788 ei
599 3730 760 3808 sore,
802 3749 929 3807 quae
954 3723 1384 3807 jucundissima
1409 3723 1646 3804 fuisset,
1685 3722 1738 3781 si
1777 3720 2048 3801 aliquem,
2083 3724 2178 3783 cui
