2492 4392
316 339 401 398 60
862 351 931 394 u.
962 351 1023 392 r.
1056 347 1386 393 cicazonis
1421 345 1684 397 miuus,

315 496 515 568 potest
546 483 607 542 in
650 481 939 550 amicitiis,
966 502 1045 539 ne
1078 481 1470 558 intemperata
1501 477 1776 556 quaedam
1807 477 2240 536 benevolentia.

318 581 510 661 (quod
538 599 811 658 persaepe
844 578 936 653 fit)
964 576 1254 655 impediat
1284 595 1528 653 magnas
1561 573 1842 632 utilitates
1883 573 2237 632 amicorum.

320 680 457 738 Nec
504 676 681 744 enim,
716 687 783 732 ut
826 674 901 732 ad
935 674 1169 732 fabulas
1206 671 1474 740 redeam,
1505 671 1751 747 Trojam
1785 670 2272 748 Neoptolemus·

319 793 537 851 capere
560 770 866 849 potuisset,
884 769 935 826 si
954 767 1379 845 Lycomedem,
1399 764 1555 844 apud
1576 785 1756 842 quem
1773 777 1900 822 erat
1921 765 2238 833 educatus,

318 867 519 926 multis
555 887 691 924 cum
716 864 983 922 lacrimis
1008 864 1124 921 iter
1154 883 1327 919 suum
1355 860 1798 939 impedientem,
1830 860 2037 920 audire
2067 861 2240 937 volu-

319 963 480 1020 isset.
561 962 644 1019 Et
684 979 845 1038 saepe
874 958 1139 1016 incidunt
1179 975 1414 1034 magnae
1453 975 1568 1025 res,
1597 969 1662 1014 ut
1689 955 2119 1014 discedendum
2157 955 2242 1014 sit

323 1058 398 1116 ab
433 1057 672 1116 amicis:
714 1075 861 1131 quas
896 1053 998 1132 qui
1024 1051 1320 1132 impedire
1351 1052 1497 1120 vult,
1525 1051 1686 1129 quod
1711 1050 2078 1110 desiderium
2115 1071 2240 1110 non

319 1153 498 1212 facile
525 1151 694 1219 ferat,
722 1150 771 1208 is
799 1163 861 1208 et
885 1149 1155 1206 infirmus
1188 1159 1280 1206 est
1306 1146 1620 1223 mollisque
1645 1159 1876 1216 natura,
1905 1159 1966 1204 et
1991 1148 2070 1205 ob
2099 1167 2240 1206 eam

320 1249 511 1328 ipsam
552 1267 795 1305 causam
835 1246 897 1302 in
938 1243 1197 1303 amicitia
1234 1264 1448 1322 parum
1479 1245 1694 1322 justus.
1793 1248 1886 1303 76.
1927 1245 2132 1321 Atque
2173 1244 2239 1302 in

326 1343 489 1402 omni
515 1364 582 1400 re
612 1340 1108 1400 considerandum
1136 1353 1243 1409 est,
1273 1352 1336 1398 et
1359 1339 1505 1418 quid
1533 1339 1800 1418 postules
1829 1339 1905 1398 ab
1933 1339 2144 1409 amicO,
2173 1349 2242 1397 et

324 1421 466 1518 [quid
498 1439 725 1517 patiare
752 1457 791 1496 a
814 1449 876 1494 te
904 1435 1229 1515 impetrari.

282 1635 305 1645 ’
400 1628 577 1688 XXI.
637 1629 751 1686 Est
792 1627 972 1686 etiam
1006 1626 1173 1704 quasi
1205 1627 1480 1704 quaedarn
1522 1627 1822 1686 calamitas
1855 1626 1916 1686 in
1957 1626 2240 1686 amicitiis

326 1723 689 1784 dimittendis
720 1743 1145 1799 nonnunquam
1176 1723 1552 1782 necessaria:
1584 1724 1715 1802 jain
1747 1723 1908 1782 enim
1937 1744 1972 1781 a
2003 1723 2237 1802 sapien-

323 1820 472 1878 tium
506 1818 1002 1878 familiaritatibus
1044 1817 1121 1876 ad
1152 1819 1431 1896 vulgares
1479 1818 1764 1878 amicitias
1804 1819 1994 1878 oratio
2032 1831 2242 1877 nostra

324 1914 641 1972 delabitur.
719 1915 1065 1992 Erumpunt
1094 1934 1256 1992 saepe
1289 1914 1430 1972 vitia
1463 1913 1793 1973 amicorum
1825 1927 1952 1972 tum
1983 1914 2043 1973 in
2073 1914 2239 1992 ipsos

324 2011 567 2080 amicos,
590 2023 717 2068 tum
736 2010 797 2068 in
822 2009 1066 2080 alienos,
1084 2030 1340 2088 quorum
1368 2022 1569 2068 tamen
1595 2009 1670 2068 ad
1693 2011 1913 2069 amicos
1939 2010 2242 2068 redundet

323 2106 584 2166 infamia.
668 2107 853 2165 Tales
880 2106 1062 2185 igitur
1088 2105 1364 2164 amicitiae
1397 2117 1536 2164 sunt
1561 2105 1915 2164 remissione
1943 2126 2086 2165 usus
2115 2107 2240 2164 elu-

326 2203 513 2272 endae,
556 2216 634 2273 et,
676 2214 743 2260 ut
782 2201 1075 2260 Catonem
1122 2201 1328 2260 dicere
1383 2201 1603 2271 audivi,
1645 2201 1983 2260 dissuendae
2029 2203 2240 2280 magis,

325 2319 505 2373 quam
540 2297 984 2358 discindendae:
1035 2297 1458 2376 nisi-quaedam
1501 2297 1822 2356 admodum
1854 2298 2240 2358 intolerabilis

325 2391 545 2469 injuria
588 2394 898 2463 exarserit,
932 2406 1001 2452 ut
1030 2414 1230 2471 neque
1273 2406 1525 2464 rectum,
1558 2415 1758 2472 neque
1791 2395 2105 2452 honestum
2146 2395 2239 2464 sit,

325 2505 439 2542 nec
466 2486 595 2542 fieri
622 2487 825 2564 possit,
854 2499 919 2544 ut
950 2507 1065 2546 non
1098 2489 1298 2547 statim
1331 2489 1614 2548 alienatio
1641 2489 2072 2569 disjunctioque
2099 2489 2271 2548 faci--

326 2579 482 2638 enda
514 2580 606 2638 sit.
689 2586 783 2638 77.
818 2581 925 2640 Sin
956 2596 1159 2642 autem
1188 2605 1446 2656 morum,
1476 2598 1582 2643 aut
1613 2585 1948 2656 studiorum
1975 2606 2238 2645 commu·

327 2676 472 2733 tatio
504 2675 800 2752 quaedam,
828 2691 893 2736 ut
924 2678 1056 2737 fieri
1088 2681 1264 2749 solet,
1292 2680 1452 2740 facta
1491 2682 1622 2752 erit,
1652 2693 1752 2740 aut
1783 2681 1846 2740 in
1885 2682 2236 2760 reipublicae

326 2769 597 2848 partibus
618 2770 946 2832 dissensio
930 2777 1336 2836 intercesserit
1359 2779 1594 2871 (loquor
1613 2778 1772 2836 enim
1784 2779 1932 2857 jam,
1949 2791 2016 2836 ut
2036 2780 2236 2858 paullo

330 2878 467 2924 ante
502 2865 647 2936 dixi,
676 2885 794 2922 non
824 2865 903 2924 de
938 2866 1315 2944 sapientium,
1345 2872 1451 2931 sed
1480 2873 1558 2932 de
1591 2875 2006 2932 communibus
2039 2875 2236 2932 amici·
2293 2874 2297 2877 ’

328 2961 474 3036 tiis),
506 2961 836 3019 cavendum
866 2962 996 3031 erit,
1024 2982 1101 3020 ne
1127 2979 1246 3020 non
1275 2965 1469 3022 solum
1497 2966 1768 3028 amicitiae
1795 2971 2102 3048 depositae,
2131 2971 2237 3030 sed

328 3055 653 3114 inimicitiae
676 3057 859 3116 etiam
882 3071 1175 3136 susceptae
1197 3059 1530 3118 videantur.
1613 3062 1784 3120 Nihil
1807 3065 1969 3122 enim
1989 3066 2235 3143 turpius,

332 3172 507 3229 quam
544 3173 678 3210 cum
711 3173 787 3210 eo
813 3154 1035 3211 bellum
1069 3175 1301 3231 gerere,
1329 3156 1571 3232 quicum
1597 3157 1970 3217 familiariter
2001 3161 2234 3221 vixeris.

328 3249 429 3306 Ab
474 3249 732 3307 amicitia
774 3249 855 3321 Q.
879 3249 1155 3328 Pompeii
1196 3271 1334 3310 meo
1379 3252 1620 3312 nomine
1669 3274 1736 3312 se
1781 3270 2135 3326 removerat,
2170 3269 2236 3314 ut

329 3345 508 3414 scitiS,
545 3345 782 3424 Scipi03
831 3359 1077 3425 propter
1109 3345 1540 3407 dissensionem
1582 3362 1801 3420 autem,
1835 3372 1968 3428 quae
2009 3365 2138 3409 erat
2173 3353 2234 3411 in

327 3441 654 3516 republica,
676 3441 961 3500 alienatus
980 3455 1071 3500 est
1090 3462 1125 3500 a
1140 3444 1591 3528 collegQro
1609 3446 1886 3506 Metello:
1923 3460 2234 3526 utrumque

330 3535 455 3611 egit
488 3535 767 3612 graviter,
802 3539 1148 3596 auctoritate
1183 3551 1243 3597 et
1276 3541 1602 3600 offensione
1637 3543 1819 3601 animi
1851 3563 1972 3601 non
2007 3545 2234 3603 acerba.

330 3633 423 3688 78.
459 3630 877 3702 Quamobrem
906 3634 1165 3713 primum
1192 3635 1390 3696 danda
1419 3657 1602 3716 opera
1637 3651 1744 3708 est,
1774 3659 1852 3698 ne
1881 3661 2000 3717 qua
2027 3639 2233 3698 amico-

326 3744 459 3782 rum
489 3726 733 3786 dissidia
762 3727 941 3790 fiant:
984 3731 1076 3790 sin
1108 3733 1231 3792 tale
1268 3732 1490 3811 aliquid
1517 3735 1799 3818 evenerit,
1829 3748 1896 3796 ut
1929 3737 2230 3797 exstinctas
