2492 4392
564 349 713 392 mvn
748 349 833 392 nn
876 347 1416 390 inmortua—cn.
1449 348 1608 401 xvt„
1632 347 1790 391 xvn.
2073 335 2156 394 55

217 480 365 540 dam
398 492 505 538 aut
532 481 771 538 animus
806 481 1105 558 abjectior
1134 492 1241 548 ea,
1269 492 1375 538 aut
1407 499 1546 558 spes
1579 477 2016 558 amplificandae
2041 477 2158 536 for·

209 590 383 634 tuuae
412 576 682 634 fractior.
769 576 913 632 Non
947 589 1039 633 eet
1068 575 1252 653 igitur
1283 575 1481 645 amici,
1509 577 1688 634 talem
1725 595 1858 632 ease
1891 575 1952 632 in
1991 595 2156 646 eum,

202 672 417 747 qualis
444 671 556 728 ille
590 671 657 728 in
692 691 761 728 se
792 683 919 740 θεῖς
964 670 1073 728 aed
1100 669 1297 748 potius
1329 669 1478 728 eniti
1505 683 1566 727 et
1595 669 1850 736 efficere,
1877 683 1946 728 ut
1979 671 2156 728 amici

197 765 557 842 jacentem.
576 765 849 822 animum
882 765 1120 834 excitet,
1149 764 1512 842 inducatque
1546 764 1608 822 in
1641 785 1816 844 spem
1847 765 2152 842 cogitatio-

196 881 491 936 nemque
527 860 865 918 meliorem.
878 842 933 968 q
946 860 1121 919 Alius
1151 859 1334 936 igitur
1360 859 1490 917 finis
1516 879 1674 918 veroe
1709 860 1986 918 amicitiai
2011 881 2148 919 con-

194 955 565 1013 stituendus
594 967 706 1022 est,
730 955 781 1013 si
809 975 997 1034 prius,
1020 953 1163 1031 quid
1190 954 1450 1012 maxime
1476 953 1916 1034 reprehendere
1944 955 2152 1034 Scipio

199 1049 435 1108 solitus
478 1049 579 1120 sit,
612 1049 883 1108 edixero.
964 1049 1247 1128 Negabat
1285 1050 1470 1107 ullam
1507 1069 1716 1107 vocem
1757 1049 2150 1110 inimiciorem

206 1147 511 1205 amicitiae
558 1147 831 1225 potuisse
874 1147 1149 1226 reperiri,
1192 1167 1376 1224 quam
1423 1147 1570 1225 ejus,
1611 1147 1714 1224 qui
1757 1146 2018 1218 dixisset,
2065 1147 2152 1206 ite

211 1261 431 1300 amare
462 1256 764 1321 oportere,
786 1255 855 1300 ut
880 1244 931 1301 si
960 1242 1280 1320 aliquando
1311 1255 1468 1300 esset
1491 1261 1737 1302 murus:
1775 1261 1892 1300 nec
1911 1263 2058 1301 vero
2083 1263 2150 1302 ee

216 1337 451 1396 adduci
486 1357 689 1415 posse,
722 1351 790 1395 ut
820 1339 950 1407 hoc,
980 1336 1482 1414 quemadmodum
1517 1349 1840 1416 putaretur,
1869 1357 1908 1396 a
1933 1337 2149 1396 Biante

223 1452 361 1491 esse
406 1433 642 1491 dictum
692 1434 981 1503 crederet,
1008 1433 1115 1510 qui
1153 1433 1392 1511 sapiens
1431 1433 1666 1492 habitus
1711 1447 1874 1493 esset
1919 1454 2072 1494 unus
2111 1455 2150 1494 e

226 1541 511 1606 septem3
568 1528 791 1606 impuri
825 1528 1155 1607 cujusdam,
1192 1541 1296 1586 aut
1335 1527 1650 1597 ambitiosi,
1685 1543 1790 1588 aut
1829 1531 2033 1589 omnia
2071 1530 2150 1589 ad

231 1643 404 1682 suam
454 1623 789 1700 potentiam
832 1623 1167 1681 revocantis
1223 1643 1356 1680 oeae
1401 1624 1772 1682 sententiam.
1867 1625 2152 1696 Quonam

233 1717 401 1774 enim
436 1716 624 1774 modo
655 1717 962 1794 quiequam
996 1717 1224 1775 amicus
1265 1737 1396 1776 esse
1428 1718 1664 1796 poterit,
1691 1719 1790 1777 cui
1823 1739 1888 1777 se
1921 1720 2154 1798 putabit

238 1812 551 1870 inimicum
574 1831 709 1870 csse
738 1831 913 1890 posse
936 1812 960 1870 ’ἔ
1040 1811 1388 1884 Quinetiam
1415 1833 1660 1871 necesse
1695 1814 1810 1871 erit
1841 1833 2066 1892 cupere
2093 1826 2156 1871 et

238 1919 474 1984 optare,
504 1919 573 1964 ut
598 1925 777 1982 quam
812 1906 1131 1984 aaepissime
1164 1919 1374 1985 peccet
1401 1907 1646 1974 amicus,
1677 1928 1798 1984 quo
1824 1907 2026 1984 plures
2053 1905 2158 1965 det

238 2003 355 2060 eibi
391 2016 705 2078 tamquam
740 2021 913 2059 ansas
946 2001 1019 2060 ad
1046 1999 1642 2080 reprehendendum:
1686 2021 1924 2058 rursum
1957 2015 2158 2060 autem

240 2109 408 2154 recte
428 2095 599 2154 factis
624 2095 1075 2172 commodisque
1102 2097 1433 2154 amicorum
1461 2114 1710 2152 necesse
1733 2096 1848 2152 erit
1874 2097 2030 2174 angi,
2053 2096 2156 2154 do·

242 2193 393 2260 lere,
414 2190 705 2249 invidere.
786 2196 880 2248 60.
913 2190 1125 2261 Quare
1146 2192 1261 2249 hoc
1281 2191 1528 2269 quidem
1553 2204 1940 2270 praeceptum,
1965 2194 2158 2271 cujus·

246 2305 483 2363 cunque
524 2299 633 2355 est,
664 2285 741 2344 ad
782 2286 1101 2346 tollendam
1144 2287 1464 2345 amicitiam
1505 2288 1682 2346 valet.
1763 2287 1919 2346 Illud
1957 2289 2158 2367 potius

245 2383 723 2462 praecipiendum
766 2383 895 2452 fiiit,
928 2396 997 2441 ut
1038 2403 1173 2442 eam
1216 2383 1586 2462 diligentiam
1635 2383 2052 2444 adhiberemus
2094 2385 2156 2442 in

245 2478 525 2537 amicitiis
564 2478 997 2556 comparandis,
1024 2491 1093 2536 ut
1130 2499 1211 2536 ne
1242 2478 1484 2555 quaudo
1525 2499 1724 2538 amare
1755 2479 2155 2558 inciperemus

244 2593 405 2641 eum,
450 2593 632 2650 quem
680 2573 997 2650 aliquando
1040 2573 1239 2632 odisse
1285 2593 1608 2652 possemus.
1705 2575 2058 2646 Quinetiam
2105 2575 2158 2634 ai

242 2672 445 2729 minus
478 2669 689 2730 felices
714 2670 777 2727 in
800 2669 1125 2748 deligendo
1156 2669 1492 2740 ᾓιίεεοωιιε,
1519 2670 1833 2729 ferendum
1859 2670 1924 2728 id
1951 2671 2158 2748 Scipio

242 2769 465 2848 potine,
486 2786 670 2844 quam
695 2766 1137 2826 inimicitiarum
1162 2778 1400 2844 tempus
1429 2766 1832 2846 cogitandum,
1854 2767 2118 2845 putabat.

327 2957 544 3017 XVII.
583 2961 682 3015 61.
717 2955 835 3014 His
862 2956 1045 3033 igitur
1068 2955 1288 3014 finibus
1315 2956 1598 3014 utendum
1627 2956 1896 3026 arbitror,
1915 2967 2000 3025 ut,
2023 2975 2160 3014 cum

250 3052 558 3112 emendati
584 3071 787 3109 mores
814 3050 1139 3108 amicorum
1164 3051 1299 3120 sint,
1325 3064 1452 3109 tum
1477 3052 1554 3110 sit
1581 3053 1738 3110 inter
1763 3071 1867 3109 eoa
1893 3050 2158 3109 omnium

250 3169 470 3217 rerum,
490 3147 893 3215 consiliorum,
908 3147 1302 3216 voluntatum,
1319 3147 1444 3205 sine
1459 3148 1584 3205 ulla
1601 3147 1981 3226 exceptione,
2001 3166 2159 3202 com·

252 3243 513 3301 munitas
534 3265 548 3301 t
582 3254 652 3299 ut
680 3241 877 3310 etiam,
900 3241 1087 3318 siqua
1104 3241 1344 3299 fortuna
1363 3242 1663 3310 acciderit,
1685 3255 1752 3299 ut
1770 3241 1968 3298 minus
1983 3239 2162 3314 justae

256 3338 583 3396 amicorum
602 3336 943 3394 voluntates
973 3335 1323 3414 adjuvandae
1353 3337 1483 3404 sint,
1507 3337 1566 3392 in
1588 3336 1804 3412 quibus
1831 3351 2042 3390 eorum
2065 3344 2166 3389 aut

260 3447 434 3514 caput
466 3443 687 3511 agatur
718 3442 819 3487 aut
841 3430 1018 3500 fama,
1048 3430 1467 3489 declinandum
1501 3430 1578 3489 ¹eit
1603 3430 1681 3486 de
1710 3429 1838 3496 νίας
1881 3425 2065 3482 modo
2087 3446 2166 3485 ne

262 3550 486 3589 summa
520 3523 839 3604 turpitudo
876 3539 1191 3602 aequatur:
1251 3537 1340 3583 eet
1374 3525 1534 3582 enim
1567 3535 1857 3598 quatenus
1895 3519 2169 3579 amicitiae

260 3627 377 3688 dari
410 3625 597 3686 venia
632 3619 836 3698 possit.
924 3620 986 3679 N
992 3641 1063 3678 ec
1094 3639 1237 3679 vero
1276 3615 1642 3694 negligenda
1681 3627 1776 3672 est
1806 3613 2004 3685 fama3
2061 3635 2172 3674 nec

252 3727 557 3792 mediocre
588 3717 789 3776 telum
817 3715 891 3774 ad
914 3736 1016 3775 res
1045 3714 1342 3793 gerendae
1369 3709 1712 3770 existimare
1731 3721 1968 3788 oportet
1993 3711 2173 3771 bene·
