2492 4392
829 390 1336 434 arricum—car.
1363 390 1447 445 x„
1471 388 1557 433 x1.
2031 378 2142 438 111

296 520 377 581 X.
422 521 749 581 Conversa
776 522 977 581 subito
1004 522 1242 581 fortuna
1265 534 1372 581 est.
1453 523 1542 582 Ut
1559 523 1854 583 Antonius
1881 519 2058 583 rediit
2083 524 2147 586 in

218 614 479 687 Italiam,
518 634 707 675 nemo
756 636 875 675 non
916 617 1137 696 magno
1180 618 1243 676 in
1289 618 1562 697 periculo
1601 619 1868 678 Atticum
1908 632 2152 699 putarat·

211 724 465 790 propter
498 711 789 795 intimam!
812 711 1272 771 familiaritatem
1308 713 1617 773 Ciceronis
1657 726 1718 773 et
1751 714 1942 773 Bruti.
2022 716 2140 774 Ita-

209 826 327 882 que
356 808 439 866 ad
468 808 801 866 adventum
828 806 1259 886 imperatorum
1287 807 1364 865 de
1394 808 1523 867 foro
1551 808 1904 881 decesserat,
1925 811 2141 871 timens

204 902 744 981 proscriptionem,
785 903 1124 981 latebatque
1167 902 1327 981 apud
1360 904 1432 961 P.
1458 903 1870 976 Volumnium,
1913 906 2030 977 cui,
2073 918 2140 966 ut

205 998 621 1067 ostendimus,
654 998 855 1075 paullo
898 1010 1034 1056 ante
1079 1018 1259 1077 opem
1303 1000 1520 1057 tulerat
1561 1000 1748 1075 (tanta
1777 992 2030 1061 varietas
2063 1002 2136 1061 iis

202 1093 605 1170 temporibus
630 1092 744 1150 suit
768 1093 1039 1164 formnae,
1066 1104 1132 1151 ut
1164 1084 1340 1151 modo
1372 1094 1452 1163 hi,
1479 1094 1660 1153 modo
1687 1095 1777 1153 illi
1803 1097 1866 1153 in
1905 1116 2136 1157 summo

202 1200 412 1259 essent
458 1200 574 1245 aut
602 1187 859 1265 fastigio,
890 1200 993 1245 aut
1024 1189 1358 1266 periculo):
1403 1189 1778 1267 habebatque
1817 1208 2022 1251 secum
2051 1192 2134 1264 Q.

202 1280 499 1340 Gellium
522 1282 780 1351 Canum,
801 1284 1093 1359 aequalem
1122 1282 1601 1361 simillimumque
1629 1285 1736 1343 sui.
1818 1284 1962 1345 Hoc
1989 1308 2132 1365 quo-

204 1396 326 1451 que
370 1378 457 1435 sit
492 1377 685 1435 Attici
720 1376 992 1436 bonitatis
1038 1380 1400 1457 exemplum,
1435 1379 1594 1457 quod
1636 1398 1774 1438 cum
1819 1400 1916 1452 ee,
1953 1400 2133 1459 quem

204 1489 478 1547 puerum
522 1472 585 1530 in
618 1472 763 1531 iudo
802 1486 1180 1552 cognoverat,
1216 1474 1367 1533 adeo
1406 1476 1720 1556 conjuncte
1751 1478 1917 1548 vixit,
1952 1492 2017 1537 ut
2057 1478 2134 1537 ad

207 1580 567 1627 extremam
614 1580 851 1627 aetatem
898 1568 1158 1627 amicitia
1204 1588 1410 1629 eorum
1459 1574 1730 1633 creverit.
1837 1575 2134 1634 Antonius

206 1676 447 1735 autem,
492 1664 608 1722 etsi
646 1676 807 1721 tanto
853 1663 993 1721 odio
1036 1665 1336 1724 ferebatur
1377 1666 1440 1723 in
1483 1668 1859 1738 Ciceronem,
1903 1682 1968 1727 ut
2010 1688 2133 1727 non

206 1759 419 1818 solum
462 1760 545 1829 ei,
572 1760 680 1817 sed
714 1759 989 1817 emnibus
1018 1760 1200 1818 etiam
1232 1762 1366 1840 ejus
1401 1763 1604 1823 amicis
1645 1776 1804 1823 esset
1837 1763 2130 1834 inimicus,

208 1872 451 1931 eosque
478 1857 663 1913 vellet
688 1856 1072 1932 proscribere,
1101 1857 1300 1915 multis
1326 1858 1694 1917 hortantibus
1721 1868 1918 1915 tamen
1946 1857 2136 1915 Attici

212 1966 463 2009 memor
492 1948 607 2009 fuit
640 1950 832 2019 officii,
863 1963 925 2008 et
958 1950 1031 2020 ei,
1062 1972 1247 2029 quum
1288 1953 1632 2029 requisisset
1677 1952 1922 2010 ubinam
1957 1964 2133 2021 esset,

208 2062 324 2104 sua
350 2064 545 2103 manu
572 2046 821 2123 scripsit,
842 2066 920 2105 ne
948 2047 1197 2114 timeret,
1228 2046 1544 2122 statimque
1571 2046 1649 2103 ad
1673 2064 1740 2103 se
1767 2045 2033 2122 venii-et:
2067 2064 2133 2104 se

217 2159 387 2211 eum,
442 2154 507 2198 et
545 2140 711 2207 ,illius
760 2150 937 2199 causa
979 2134 1213 2199 Ganum
1254 2138 1334 2197 de
1376 2140 1836 2218 proscriptorum
1887 2158 2135 2198 numero

218 2238 552 2297 exemisse.
644 2236 757 2307 Ac,
802 2258 879 2297 ne
928 2235 1088 2314 quod
1137 2236 1199 2291 in
1241 2234 1578 2312 periculum
1625 2234 1928 2305 incideret,
1974 2236 2135 2312 quod

217 2346 411 2391 noctu
456 2331 657 2401 fiebat,
691 2321 1033 2410 praesidium
1068 2329 1124 2388 ei
1153 2328 1330 2387 misit.
1413 2329 1514 2387 Sic
1546 2330 1782 2388 Atticus
1808 2330 1870 2389 in
1901 2350 2134 2389 summo

218 2428 447 2487 ‘timore
488 2447 609 2485 non
646 2428 837 2485 solum
878 2426 1013 2497 sibi,
1054 2425 1163 2483 sed
1204 2425 1382 2483 etiarn
1424 2425 1501 2495 ei,
1543 2444 1723 2503 quem
1765 2426 2134 2485 carissimum

220 2524 511 2594 habebat,
545 2522 827 2601 praesidio
860 2522 990 2580 fuit.
1072 2522 1291 2599 Neque
1323 2522 1484 2580 enim
1517 2540 1638 2582 suae
1681 2526 1870 2583 solum
1913 2544 1949 2584 a
1988 2544 2132 2602 quo-

220 2640 410 2697 quam
446 2613 747 2677 auxilium
786 2618 953 2696 petiit
991 2618 1215 2687 salutis,
1257 2616 1362 2675 sed
1407 2619 1763 2697 conjunctim
1789 2640 1806 2679 ε
1847 2632 1916 2679 ut
1955 2640 2134 2697 appa—

220 2726 409 2784 reret,
430 2715 652 2772 nullam
678 2714 1007 2791 sejunctam
1035 2712 1146 2771 sibi
1174 2712 1250 2770 ab
1279 2732 1353 2771 ee
1379 2713 1536 2771 velle
1562 2713 1873 2773 fortunam.
1949 2714 2134 2787 Quod

218 2811 276 2869 si
304 2810 673 2889 guber-nator
700 2802 1005 2887 praecipua
1030 2806 1207 2865 laude
1235 2807 1440 2878 fertur,
1464 2808 1566 2885 qui
1593 2827 1802 2865 navem
1830 2828 1908 2865 ex
1933 2809 2134 2866 hieme

222 2907 501 2983 marique
540 2906 857 2984 scopuloso
902 2916 1128 2963 servat:
1184 2925 1294 2963 cur
1338 2926 1458 2963 non
1499 2903 1818 2981 singularis
1860 2904 1992 2981 ejus
2033 2923 2132 2961 ex-

220 3004 525 3061 istimetur
553 2998 887 3079 prudentia,
916 3000 1017 3078 qui
1046 3018 1121 3057 ex
1158 3010 1243 3059 tot
1275 3014 1515 3077 tamque
1549 2998 1828 3078 gravibus
1861 2998 2136 3076 procellis

225 3098 507 3157 civilibus
536 3096 610 3153 ad
640 3094 1108 3154 incolumitatem
1135 3095 1446 3174 pervenit?

311 3290 427 3348 XI.
471 3285 711 3361 Quibus
756 3304 834 3343 ex
880 3285 1053 3343 maiis
1094 3298 1159 3344 ut
1202 3300 1269 3345 se
1317 3284 1579 3353 emersit,
1613 3283 1761 3341 nihil
1805 3280 1962 3340 aliud
1997 3282 2136 3359 egit,

232 3404 416 3465 quam
464 3395 533 3441 ut
584 3381 875 3460 plurimis,
924 3380 1135 3459 quibus
1186 3382 1367 3439 rebus
1421 3392 1636 3468 posset,
1684 3391 1840 3437 esset
1895 3376 2139 3435 auxilio.

232 3482 447 3553 Quum
477 3475 839 3557 proscriptos
865 3476 1123 3554 praemiis
1144 3476 1566 3553 imperatorum
1587 3476 1798 3551 vulgus
1829 3472 2140 3549 conquire-

233 3590 343 3647 ret,
370 3594 555 3634 nemo
590 3572 649 3629 in
679 3572 931 3650 Epirum
960 3571 1139 3638 venit,
1170 3570 1268 3628 cui
1299 3588 1398 3625 res
1433 3572 1552 3627 ulls.
1583 3568 1874 3639 defuerit3
1917 3566 2142 3625 nemini

233 3694 351 3732 non
380 3670 469 3729 ibi
496 3678 793 3748 perpetuo
826 3664 1099 3723 manendi
1132 3674 1388 3743 potestas
1419 3662 1576 3721 facta
1609 3676 1718 3721 est.
1797 3662 1927 3733 Qui
1961 3661 2142 3720 etiam

235 3780 373 3849 post
418 3762 703 3845 proelium
740 3760 1129 3839 Philippense
1176 3756 1598 3837 interitumque
1629 3758 1704 3818 C.
1725 3758 1920 3818 Cassii
1960 3768 2020 3818 et
2054 3758 2140 3818 M.
